3794 5028
710 379 712 384 ·
758 255 1110 408 ψ
1155 261 1158 268 .
1491 339 1496 345 ·
1664 347 1746 443 153

116 487 195 564 inin
212 481 276 564 eii.
328 473 585 584 Norimberga!
632 493 672 564 ei
692 481 901 566 Antoniam
924 491 1136 592 iioburger.
1164 491 1338 577 nimirum
1354 481 1465 584 aino·
1478 487 1580 610 rqgs.
1607 516 1646 594 in
1665 519 1744 602 Foi,

112 587 153 664 dt
171 610 259 662 ann.
281 609 385 682 1494.
411 586 453 661 in
516 623 520 630 ·
581 623 583 631 ·
622 601 790 684 iramque
810 589 908 665 hanc
930 592 1134 674 editionem
1163 595 1328 691 pluribus
1347 607 1455 684 annis
1480 615 1657 706 praecessit
1676 645 1743 698 no.

112 683 187 760 sira
206 684 309 769 haec,
324 697 377 758 'ut
401 609 544 780 patebit
567 705 616 760 ex
636 683 798 781 sequenti
818 686 1036 766 recensione.
1084 692 1237 790 Pagioae
1251 693 1401 794 singulae
1425 706 1465 782 in
1484 709 1577 786 duas
1601 715 1742 797 colum·

111 803 184 858 nas
208 775 386 857 diiiintiae
409 780 501 856 sunt.
558 779 601 856 In
624 781 748 859 fronte
772 784 903 880 primae
927 785 1110 866 columnae
1140 787 1267 887 Incipit
1283 797 1457 892 probemini
1482 806 1518 880 in
1538 833 1603 906 quo
1628 807 1741 892 divine

113 877 236 957 laudes
258 881 422 959 aanor&
439 876 480 956 ss
500 876 626 952 mimi·
653 879 787 978 quercia
806 887 952 958 castroni
975 890 1137 988 nrcjeflaty
1159 890 1215 964 dei
1235 890 1276 968 ss
1288 899 1554 990 pantathene
1563 907 1740 1016 scribmtg.

111 975 244 1076 Atque
267 977 349 1054 haee
368 976 519 1074 quidem
537 976 650 1053 verba
674 978 755 1054 sunt
784 979 895 1056 rubro
922 983 1047 1060 colore
1068 986 1254 1082 impressa:
1293 1001 1605 1088 quemadmodum
1626 1013 1740 1090 etiam

109 1077 217 1153 tindi
239 1075 402 1248 quiunque
424 1073 621 1186 librorum,
647 1075 686 1152 in
713 1097 871 1192 quorum
892 1081 1016 1186 primo
1034 1083 1081 1197 de
1103 1083 1409 1201 iideochriiiiana,
1434 1100 1654 1196 potissimum
1674 1133 1741 1187 ve·

109 1197 154 1252 ro
176 1175 226 1249 de
251 1173 314 1249 Me
352 1193 374 1246 a
399 1171 440 1248 in
464 1184 582 1248 veteri
605 1172 687 1270 iege
713 1173 885 1273 promtiso
914 1193 1121 1275 generatim
1148 1182 1339 1266 differttur.
1410 1194 1452 1271 in
1481 1197 1637 1278 secundo
1660 1209 1740 1304 agit

110 1271 241 1349 austor
263 1270 424 1366 primum
447 1269 597 1366 quidem
624 1271 672 1347 de'
694 1271 821 1350 haereh
845 1277 1062 1371 generatim.
1140 1280 1236 1358 'sum
1265 1307 1354 1362 vero
1383 1314 1530 1373 errores
1555 1305 1736 1396 quosdam

108 1369 310 1447 catholicae
334 1367 509 1444 dostrinae
530 1365 715 1466 oppositos
738 1369 947 1468 singulatim
967 1377 1128 1454 refutat:
1164 1378 1256 1459 liber
1278 1387 1412 1464 tertius
1430 1391 1595 1564 pudaicae
1616 1399 1737 1500 super-

107 1467 252 1544 stitioni
282 1465 332 1542 est
361 1462 565 1564 oppositus:
608 1481 762 1570 quartus
785 1468 837 1546 est
859 1470 999 1549 Contra
1030 1475 1254 1568 Saracenos,
1293 1483 1332 1562 δι
1359 1507 1429 1564 con

110 1563 343 1644 Mahometis
360 1562 448 1639 salsa
469 1564 657 1660 dogmata.
709 1568 751 1642 ln
794 1568 900 1646 uinto
922 1571 970 1648 de
993 1575 1170 1668 potestate
1186 1577 1428 1662 &fraudibus
1452 1589 1736 1674 demonum'dis-

105 1662 253 1741 seritur.
301 1662 472 1760 Quinque
492 1661 531 1736 hi
553 1662 638 1740 iibri
653 1686 739 1742 cum
761 1589 921 1762 stologo
940 1671 1099 1749 audoris
1114 1674 1214 1751 soliis
1235 1678 1411 1776 impressis
1429 1711 1510 1784 232.
1529 1689 1615 1769 vsunt
1628 1717 1734 1774 com·

71 1813 74 1818 ·
106 1756 288 1860 prehensi.
361 1756 522 1836 Accedit
542 1759 582 1838 in
606 1758 680 1840 fine
701 1763 826 1840 tabula
848 1769 1106 1859 materiarum,
1133 1772 1329 1854 secundum
1353 1779 1550 1876 librorum,
1576 1790 1616 1870 dc
1635 1797 1738 1894 capi·

105 1875 192 1936 tum
222 1855 393 1936 ordinem
424 1857 664 1947 concinnata,
704 1862 764 1937 cui
795 1860 956 1942 subnexa
981 1866 1032 1944 est
1060 1874 1223 1948 narratio
1260 1876 1420 1956 duorum
1455 1885 1730 1970 miraculorum.

104 1957 279 2036 Primum
303 1975 401 2031 anno
431 1977 534 2054 1455.
558 1956 748 2056 contigisse
769 1975 948 2040 narratur.
999 1967 1134 2054 Quodsi
1154 1971 1315 2049 Thomas
1332 1975 1583 2058 Barbariensrs
1604 2009 1734 2085 quem·

104 2055 313 2131 admodum
335 2053 505 2130 Oudinus
526 2053 716 2150 adfirmat,
744 2058 965 2138 fortalitium
987 2061 1075 2140 fidei
1093 2067 1190 2142 circa
1215 2091 1352 2149 annum
1372 2075 1429 2154 ch.
1452 2101 1556 2180 1440.
1580 2107 1733 2184 compo·

104 2154 194 2242 rut,
213 2153 304 2246 ,naee
327 2149 410 2228 sane
428 2152 593 2228 narratio
613 2154 660 2230 aa
681 2155 756 2231 ano
778 2155 1009 2254 postmodum
1028 2161 1168 2262 adjecta
1191 2167 1273 2244 fun.
1349 2170 1506 2265 nabun,
1533 2179 1573 2258 u
1597 2183 1731 2262 norum
1840 2166 1842 2177 “

102 2251 371 2330 mirandorum
394 2251 557 2327 narratio
579 2251 660 2327 otio
678 2252 779 2331 soliis
796 2255 973 2353 impreffis
994 2263 1241 2350 continentur.
1293 2267 1448 2348 Litterae
1470 2274 1551 2352 sunt
1568 2283 1731 2374 gothicae

103 2351 260 2437 formae,
287 2349 478 2446 oblongae,
502 2347 606 2448 justae
633 2353 899 2450 magnitudinis
920 2379 989 2432 nec
1011 2357 1131 2436 deusae
1153 2364 1365 2442 admodum.
1414 2367 1598 2452 Videntur
1612 2377 1729 2478 sculp-

105 2461 249 2526 taenon
268 2445 366 2523 fusae.
417 2445 723 2544 Interpuniiionis
738 2449 876 2548 signum
892 2455 1055 2531 occurrit
1067 2457 1219 2535 unicum
1233 2485 1318 2538 nam
1380 2468 1563 2563 punthnn
1610 2476 1730 2554 Char.

103 2563 143 2623 ta
170 2568 308 2642 magna
331 2533 399 2629 est'.
424 2543 463 2622 δι
483 2543 638 2622 insolitae
659 2546 887 2626 latitudinis:
916 2550 1022 2628 firma
1038 2555 1257 2656 admodum,
1283 2560 1318 2636 al
1343 2563 1418 2642 a&
1433 2567 1558 2662 polita.
1612 2573 1731 2652 Char-

105 2643 357 2758 eritlignum
382 2641 434 2719 est
457 2643 582 2719 littera
609 2643 662 2731 D,
705 2669 803 2722 nunc
825 2645 962 2760 major,
1000 2653 1270 2746 nuneminor.
1305 2683 1416 2756 quam
1436 2662 1539 2776 iliius
1559 2666 1656 2746 secat
1677 2699 1728 2751 ex

102 2740 1034 2960 sffiapssiiisllssisaliisssslasiiis
1051 2750 1314 2964 assisia...
1328 2758 1725 2956 ‘'silisiissilit

100 2937 292 3024 custodes,
319 2935 513 3034 signaturae
528 2959 746 3035 paginarum
760 2965 926 3029 numeri,
952 2943 992 3022 dc
1005 2946 1259 3042 inscriptiones
1271 2953 1409 3032 desunt.
1464 2958 1532 3036 Vir
1544 2961 1589 3037 ci.
1606 2964 1724 3040 Geor·-

101 3037 189 3134 gius
212 3035 460 3134 Woisgangus
480 3035 623 3113 Panzer
657 3043 693 3116 in
716 3045 770 3116 brt
786 3039 974 3140 ‚silescitlrlrrt
988 3049 1049 3123 ,brt
1072 3044 1351 3146 mimirrqlidym
1377 3055 1557 3154 turpatur
1582 3067 1635 3137 brt
1653 3062 1726 3142 iilis

99 3139 149 3212 bri
171 3157 215 3211 rr.
244 3155 327 3233 pag.
343 3159 378 3230 3.
402 3133 443 3209 iu
460 3132 547 3208 Not.
565 3159 599 3230 3.
617 3137 789 3213 meminit
810 3138 986 3216 editionis
1008 3141 1179 3220 fortalitii
1199 3143 1288 3224 sidei
1308 3145 1382 3226 fine
1400 3169 1490 3228 nota
1505 3155 1596 3242 ioci,
1622 3162 1723 3247 anni,

101 3233 140 3312 ὰ
161 3231 389 3329 typographi
413 3232 453 3307 in
481 3230 558 3307 Fol.
579 3255 703 3330 magn.
726 3257 836 3332 quarn
859 3250 966 3333 putat
990 3251 1076 3317 ante
1097 3262 1235 3318 annum
1255 3269 1357 3345 1470.
1381 3249 1636 3350 Norimbergae
1654 3281 1722 3334 ex·

95 3329 221 3407 cusam
240 3329 464 3407 &omnium
509 3330 643 3407 rimam
661 3331 741 3410 esse.
802 3335 965 3410 Brevem
980 3335 1099 3412 nostri
1123 3341 1344 3438 exemplaris
1367 3345 1647 3446 descriptionem
1667 3356 1723 3431 ei·

96 3429 187 3504 dem
209 3425 257 3503 ci
274 3427 417 3504 Panzer
431 3349 528 3516 mss,
566 3431 630 3524 qui
652 3429 749 3507 datis
773 3433 902 3508 adme
928 3433 1064 3511 litteris
1086 3435 1237 3514 testatus
1262 3442 1331 3527 est,
1358 3447 1547 3546 exemplar
1571 3449 1723 3528 Norim·

93 3523 272 3624 bergense
292 3547 379 3602 cum
401 3523 522 3600 nostro
544 3523 711 3623 ejusdem
731 3527 801 3606 eise
824 3530 1011 3606 editionis
1063 3531 1145 3609 Esse
1165 3538 1465 3634 antiquissimam,
1491 3545 1719 3628 charatieres

97 3623 157 3702 affi
237 3621 373 3702 tisana
397 3621 585 3700 evincunt.
649 3621 763 3702 Anno
788 3627 913 3704 saitem
951 3651 1054 3802 14pi4.
1085 3633 1253 3747 prodiisse
1276 3636 1315 3711 in
1338 3637 1480 3730 lucem,
1520 3645 1613 3740 illud
1633 3647 1721 3726 satis

95 3745 163 3822 pro
190 3720 288 3798 abile
308 3719 441 3808 efficit,
468 3721 568 3818 quod
586 3745 719 3800 manus
733 3725 882 3813 eadem,
906 3747 990 3824 quae
1035 3739 1152 3804 tteras
1169 3731 1350 3823 hritraies,
1375 3738 1416 3815 'dr
1431 3739 1522 3818 alias
1539 3745 1719 3840 quasdam

1443 1491 1599 1570 utantur
1624 1498 1664 1573 in
1691 1525 1738 1577 eo
1804 1527 1809 1532 ·

93 3821 182 3906 dam
198 3820 366 3896 rubricas
381 3815 536 3915 adjacit,
563 3819 611 3894 ad
625 3818 737 3899 linem
754 3822 838 3900 libri
856 3824 977 3997 puinti
994 3839 1123 3902 notam
1137 3849 1282 3927 quoque
1297 3835 1384 3910 anni
1410 3861 1504 3938 1474
1523 3838 1563 3940 (1
1578 3840 1716 3944 aaa)
1838 3905 1839 3908 κ

92 3917 286 4015 adjecerit.
350 3917 460 4020 Quod
478 3939 568 3992 vero
590 3917 714 3994 locum
735 3919 854 4018 impie
879 3923 994 4010 tonis,
1026 3921 1353 4025 &typographum
1379 3937 1531 4023 attinet,
1558 3951 1648 4034 puto
1666 3965 1716 4017 ex

91 4013 365 4092 charastaribus
388 4035 455 4092 eos
487 4038 548 4092 me
581 4014 766 4094 detexisse.
824 4019 926 4112 Sunt
946 4019 1047 4094 enim
1067 4020 1292 4134 charaiieres
1317 4027 1376 4104 seu
1403 4032 1555 4122 litterae,
1606 4039 1715 4116 uibus

92 4109 310 4286 “siffis
330 4109 477 4194 aa..
498 4133 629 4286 ⁰¹'is’1
651 4112 1424 4311 iizhtaedththtihsurrlt
1443 4129 1561 4304 imssi
1583 4134 1717 4308 isis

92 4211 234 4388 {alsi
258 4230 525 4422 affmssii'
545 4267 696 4424 n'achnn
717 4309 856 4388 uiam
880 4311 980 4401 ani,
1000 4311 1172 4426 ‚aanteae
1194 4317 1370 4432 nimirum
1397 4250 1623 4402 a’aimarao
1647 4329 1717 4405 nr-

94 4403 353 4592 lpdeippffielxucpia
375 4404 478 4486 fuisse
504 4405 569 4484 illa
593 4405 736 4490 Buba:
774 4407 935 4509 praesens
958 4421 1072 4488 eham
1096 4433 1190 4511 opus
1215 4417 1337 4494 eidem
1358 4425 1590 4557 typographo
1619 4427 1718 4506 retie

870 4683 916 4774 U
1473 4693 1655 4791 LViii.

1832 4939 1890 5006 A
