3794 5028
169 241 250 344 168
812 223 1139 350 ἐξ
1289 217 1292 222 ’

283 433 556 542 Angelorum
582 431 843 548 &pluribus
872 431 969 522 aliis
993 430 1217 544 religionis
1246 429 1484 547 capitibus,
1513 429 1636 518 nullo
1662 451 1781 526 nexu

281 550 396 637 inter
434 543 476 634 se
510 545 842 635 cohaerentibus.
925 543 978 663 3)
1006 545 1182 636 Summa
1214 545 1360 634 brevis
1403 547 1459 633 de
1495 541 1780 634 Ptenitentia.

283 662 335 774 4)
361 657 594 750 Sermones
622 689 702 777 pro
720 661 927 772 mortuis.
989 662 1038 776 5)
1068 661 1281 774 Litigatio
1305 653 1503 750 Sathanae
1528 681 1682 747 contra
1710 681 1782 769 ge·

288 801 371 864 nus
395 774 640 866 humanum.
667 831 717 850 -
762 777 808 864 in
827 795 922 888 4to.

181 1033 186 1042 .
263 969 399 1050 Omnia
418 971 499 1050 haec
515 968 687 1068 opuscula
701 967 782 1046 sunt
803 969 937 1047 iisdem
957 965 1243 1056 claramontis,
1271 967 1464 1065 eidemque
1477 963 1617 1044 chartae
1634 965 1786 1062 impres·

167 1068 221 1157 sa,
245 1069 299 1146 ita
319 1071 485 1166 quidem,
509 1081 554 1144 ut
575 1067 729 1164 separari
749 1067 907 1160 alterum
927 1067 972 1142 ab
993 1068 1109 1143 altero
1134 1092 1211 1144 non
1231 1063 1371 1164 pollrnt.
1419 1065 1541 1153 Quare
1564 1063 1708 1140 nullum
1727 1059 1780 1138 est

168 1167 338 1254 dubium,
365 1169 453 1264 quin
474 1191 522 1242 ex
545 1167 676 1242 eadem
701 1165 947 1335 typnpraphia
967 1166 1099 1240 eodem
1118 1175 1286 1261 ternpore
1306 1160 1410 1238 srmul
1432 1160 1637 1260 prodierim
1661 1163 1701 1237 in
1724 1160 1782 1234 lu·

167 1289 261 1342 cem.
326 1265 441 1341 Porto
459 1263 596 1338 litterae
616 1261 776 1358 gothicae
808 1275 894 1349 unt,
921 1260 1081 1359 majores
1105 1283 1149 1336 ac
1167 1259 1351 1337 densiores
1374 1258 1529 1345 litteris,
1581 1257 1691 1334 uibus
1712 1259 1784 1332 im-

166 1361 323 1534 pressum
345 1361 395 1438 eli
417 1383 510 1458 opus
532 1359 746 1437 immediate
767 1359 980 1456 praecedens
1003 1359 1042 1437 dt
1067 1357 1127 1433 his
1150 1359 1264 1436 etiam
1291 1359 1410 1453 magis
1436 1357 1532 1432 inter
1556 1282 1594 1431 ie
1616 1355 1785 1451 aequabi-

90 1447 109 1472 '
182 1483 233 1536 es.
282 1459 465 1536 Videntur
486 1457 726 1548 nihilominus
748 1454 896 1554 ,sculptae
912 1454 1000 1543 elle,
1027 1479 1103 1530 non
1116 1454 1216 1548 fusae.
1264 1453 1512 1529 Distintiionis
1532 1449 1785 1626 fiffnumsnffl'

1577 1573 1638 1636 es,
1677 1571 1689 1622 r
1766 1591 1784 1608 ·

166 1665 280 1740 turae,
308 1655 524 1750 paginarum
547 1651 710 1738 numeri,
735 1651 775 1728 dt
803 1649 1068 1748 inscriptiones.
1144 1649 1357 1748 Capitibus,
1391 1649 1432 1724 in
1455 1669 1540 1746 quae
1562 1645 1678 1723 divisa
1689 1573 1785 1722 ςίὲιιιι

52 1831 54 1836 ,
168 1750 339 1846 pleraque
369 1750 449 1826 haec
482 1774 506 1823 o
531 1748 671 1834 oscula,
713 1748 804 1824 nulli
833 1747 976 1846 praefixi
1001 1748 1081 1828 sunt
1103 1747 1222 1835 tituli,
1262 1746 1426 1832 numeri,
1466 1743 1527 1821 vel
1546 1759 1781 1840 argumenta.

167 1847 445 1943 Distinquuntur
472 1773 546 1921 snio
573 1846 688 1944 spatio
712 1869 830 1922 vacuo
854 1846 951 1922 inter
971 1845 1035 1921 illa
1057 1845 1193 1922 relitio.
1272 1843 1316 1920 In
1335 1843 1459 1919 fronte
1482 1842 1593 1940 primi
1614 1840 1783 1938 opusculi

167 1943 250 2020 haec
272 1945 443 2039 leguntur
465 1942 646 2039 impressa:
676 1941 800 2040 Incipit
822 1938 906 2016 liber
935 1942 1061 2041 miseric
1080 1939 1271 2020 condicinr's
1290 1937 1431 2016 innam
1456 1937 1669 2016 cLotlrorio
1692 1938 1783 2037 dyn-

169 2065 250 2114 cono
269 2038 438 2115 cardinali
450 2038 607 2137 sundorri
627 2038 729 2138 Sergi
751 2039 792 2116 si
813 2038 925 2114 Bactri
950 2044 1008 2153 qui
1026 2043 1134 2142 polica
1160 2038 1373 2114 innocentius
1398 2060 1490 2137 papa
1516 2035 1703 2134 appellatus
1714 2040 1782 2210 Kid

166 1557 246 1632 lum
268 1556 448 1642 occurrit,
475 1553 540 1630 nist
562 1553 745 1652 punitum.
793 1552 931 1630 Desitnt
953 1554 1067 1630 etiam
1081 1552 1244 1630 initiales
1265 1551 1424 1638 litterae,
1452 1550 1550 1628 nno

167 2136 264 2212 Tum
286 2137 498 2212 immediate
520 2133 668 2234 incipiit
687 2135 836 2234 capitulo
854 2134 874 2236 (
884 2137 1129 2233 caprtulomrn
1152 2133 1398 2234 argumenta)
1416 2136 1522 2233 primi
1542 2131 1637 2210 libri.

166 2235 307 2346 calcem
336 2255 425 2346 uero
450 2233 565 2330 partis
583 2233 705 2310 tertiae
726 2231 835 2330 hujus
860 2235 1001 2330 operis,
1026 2237 1065 2309 in
1082 2235 1202 2330 prima
1221 2233 1303 2310 solii
1325 2237 1384 2330 3⁶·
1412 2233 1570 2332 pagina,
1593 2231 1696 2308 linea
1722 2238 1780 2310 16.

164 2343 373 2415 terminata,
397 2330 478 2405 traec
497 2342 642 2403 tantum
663 2329 829 2426 impressa
851 2330 1040 2425 leguntur:
1083 2329 1243 2429 Explicit
1263 2327 1349 2406 liber
1369 2328 1411 2404 de
1432 2328 1565 2428 miseria
1582 2327 1781 2405 condicdnis

164 2427 314 2503 inmune.
399 2427 440 2502 ln
468 2425 593 2500 aversa
614 2427 747 2522 pagina
773 2426 853 2502 folii
878 2425 1045 2524 ejusdem
1070 2426 1196 2526 Incipit
1216 2424 1325 2502 breuis
1354 2425 1529 2503 Tradintnr
1546 2425 1589 2502 de
1605 2428 1781 2502 creocione

164 2523 282 2600 mnndi
298 2521 339 2600 sd
355 2522 564 2618 formatione
584 2545 630 2595 nn
654 2523 746 2598 elorri
766 2520 807 2596 dc
824 2525 1007 2624 sttnacione
1028 2524 1069 2601 si
1095 2523 1307 2599 ordinacione
1333 2521 1451 2599 mnndi
1463 2523 1505 2600 si
1516 2521 1676 2622 pluribus
1697 2527 1779 2598 aliis

163 2623 332 2734 &prim
353 2619 395 2693 dc
413 2621 573 2694 trinitate.
623 2549 856 2732 Verminam
878 2621 1060 2718 hocopus
1081 2623 1121 2696 in
1138 2624 1263 2698 aversa
1283 2624 1419 2720 pagina
1431 2621 1515 2700 solii
1530 2645 1598 2718 59,
1625 2623 1728 2699 linea
1743 2627 1778 2706 ό,

162 2741 223 2796 cut
244 2717 397 2816 subjetia
417 2716 498 2794 sunt
523 2713 723 2809 sequentia:

452 2811 610 2908 Explicit
644 2809 908 2890 nannents&
932 2813 1026 2890 utilis
1039 2813 1107 2911 sne
1138 2813 1277 2915 dinerfir
1297 2814 1452 2916 ciposrtn.

456 2908 581 3006 Incipit
619 2935 729 2984 nmnca
746 2912 921 3008 penitentie
939 2908 1048 2987 brevis
1060 2902 1114 2991 U
1131 2911 1236 2986 utilis.

162 3009 257 3085 Haec
282 3006 419 3083 summa
441 3007 668 3102 poenitentiae
695 3008 743 3082 ad
764 3007 844 3082 solii
869 3030 986 3105 usque
1009 3009 1214 3106 sexagefimi
1244 3009 1365 3104 quarti
1389 3008 1553 3087 aversam
1578 3011 1778 3106 paginam,

159 3107 295 3180 lineam
317 3103 498 3179 decimam
521 3102 708 3198 septimam
732 3103 801 3178 sele
823 3109 1001 3180 extendit.
1051 3111 1142 3192 Quae
1167 3105 1351 3201 supersunt
1373 3107 1447 3181 dno
1475 3106 1667 3203 opuscula,
1697 3107 1778 3204 spa·

158 3199 620 3394 {pittrcffcuesndeggstppffie
635 3200 1342 3390 lsslgqrtraugpdmdlregglipupuatuordecirn
1364 3199 1551 3299 sequentia
1576 3208 1778 3301 occupant.

995 3323 1018 3372 n
1089 3323 1099 3372 ε
1398 3341 1402 3350 ι

157 3477 341 3562 Videntur
363 3487 454 3598 milri
474 3391 1130 3600 &Eligiciipiiiciriirloaiiglagdnmuirtri
1161 3397 1238 3566 tirnni
1260 3390 1531 3601 mangonio
1544 3489 1668 3578 soille,
1708 3491 1782 3569 etsr

156 3583 399 3677 typographi,
426 3582 690 3668 loc1‚·&anm
715 3597 802 3658 nota
823 3599 983 3662 careant.
1062 3587 1212 3675 Quaevis
1236 3607 1370 3682 pagina
1391 3587 1537 3682 integra
1560 3589 1680 3664 lineas
1714 3605 1777 3675 28.

156 3676 419 3775 complestitur.
458 3679 597 3754 Charta
616 3678 665 3754 est
689 3679 796 3776 plane
815 3679 1011 3758 firnnlsrma
1030 3684 1232 3780 eademque
1248 3683 1333 3759 alba
1350 3683 1565 3760 admodum.

101 3959 105 3980 .
139 3882 389 3982 LXXVII.
419 3883 462 3972 S.
484 3865 791 3974 Bonaventun
822 3889 864 3976 in
903 3892 1058 3980 librum
1092 3889 1276 4005 primum
1307 3884 1617 3996 sententiarum
1651 3889 1778 3984 Petri
1831 3837 1837 3848 Ι

258 3997 517 4092 Lombardi.
547 3999 593 4086 in
616 3997 718 4087 Fol.
744 4027 883 4113 magn.

242 4191 354 4268 Hunc
377 4189 544 4267 codicem
559 4189 903 4286 Georgiuslingel,
931 4189 1143 4270 Academia
1163 4197 1294 4274 nostrae
1312 4195 1468 4282 Dotior,
1496 4196 1701 4284 Professor,
1731 4200 1774 4278 δι

146 4288 460 4367 Procancellarius
492 4309 587 4360 anno
615 4291 717 4384 1476.
747 4288 865 4382 pretio
890 4288 1045 4364 duorum
1075 4292 1296 4368 florenorum
1323 4295 1577 4388 comparavit,
1622 4307 1666 4367 ut
1693 4297 1773 4392 ipse

145 4409 258 4463 manu
278 4384 337 4458 sua
358 4383 406 4457 ad
425 4381 565 4457 calcem
594 4383 724 4479 primae
760 4383 905 4480 paginae
934 4385 1137 4461 adnotavit.
1212 4388 1369 4486 Oportet
1392 4391 1508 4484 igitur
1536 4389 1609 4464 lroc
1633 4389 1771 4468 saltem

145 4506 242 4558 amm
263 4479 364 4558 sulffc
387 4477 570 4558 excusum.
619 4477 826 4557 Praemissus
851 4479 903 4556 est
924 4477 997 4556 sme
1025 4481 1101 4561 vllo
1125 4482 1235 4561 titulo
1259 4485 1417 4562 autoris
1439 4484 1647 4584 Prologus,
1675 4509 1771 4582 qna·

1624 4597 1716 4660 tuor
