3794 5028
756 237 1084 386 Q
1210 309 1242 356 ·.
1642 253 1724 388 1s'r
1890 264 1891 345 ³

97 497 173 554 nea
196 487 255 572 13.
304 464 347 551 in
362 469 526 590 sequenti
548 471 647 552 linea
665 471 797 574 incipii
814 469 853 550 C.
874 473 908 548 ιζ
921 470 1126 548 enchiridii.
1178 470 1354 570 Capitoni
1371 471 1478 550 initia
1496 469 1723 569 reliquorum

97 573 175 650 alia
199 574 316 650 etiam
345 586 492 658 ratione
520 597 597 650 non
629 585 826 659 notantur,
866 577 977 668 quam
1008 568 1164 668 praehxo
1197 573 1617 670 competentinumero.
1636 591 1723 684 eg.

100 673 144 746 C.
163 671 256 756 XII,
282 671 324 745 C.
341 669 423 748 XX.
441 670 513 748 dac.
565 671 720 748 Litterae
741 668 821 746 sunt
844 666 1012 766 sculptae,
1039 692 1114 744 non
1134 666 1240 757 susae,
1265 671 1366 768 quod
1387 671 1517 746 earum
1532 667 1727 766 inaequali·

99 781 163 845 tas
191 769 338 844 abunde
360 767 598 846 demonstrat.
674 768 833 865 Signum
853 764 1158 864 interpuniiionis
1179 768 1331 844 unicum
1354 767 1564 853 observavi,
1590 787 1726 863 nempe

124 866 299 952 uniium,
344 867 445 964 quod
473 864 591 964 ipsum
626 877 755 942 tamen
784 864 1001 963 plerumque
1033 863 1150 953 deest,
1195 867 1258 940 ubi
1281 866 1403 944 suerat
1429 864 1725 964 exprimendum.

96 889 311 1040 gecurnmt
334 964 434 1041 enim
455 963 579 1062 passim
600 966 758 1074 integrae
720 962 945 1138 n'faginea
970 963 1010 1037 in
1032 962 1165 1060 quibus
1186 964 1253 1041 vix
1266 963 1340 1040 tria
1354 976 1559 1062 quatuorve
1574 958 1727 1059 expres·
1890 1060 1891 1063 .

96 1061 134 1137 sa
157 1061 243 1136 sunt
260 1061 408 1158 punto.
487 1061 644 1140 Litterae
666 1061 746 1137 ini'
787 1075 849 1148 es,
884 1058 1074 1148 custodes,
1108 1059 1321 1157 signaturae,
1354 1063 1573 1160 paginarum
1596 1081 1726 1135 nume·

100 1161 135 1236 ri
171 1157 315 1236 desunt.
392 1159 533 1256 Pagina
567 1163 711 1258 quaevis
740 1159 886 1254 integra
926 1157 1045 1232 lineas
1082 1157 1335 1255 complectitur
1358 1185 1417 1259 34.
1491 1157 1728 1233 Terminatur

97 1255 318 1354 opusculum
337 1255 429 1333 solio
452 1283 510 1356 31·
533 1257 664 1335 aversa
689 1256 824 1356 pagina
845 1256 945 1331 linea
967 1259 1034 1344 2⁶,
1069 1255 1130 1332 cui
1153 1256 1235 1334 haec
1261 1269 1409 1338 tantum
1431 1253 1581 1358 subjecit
1612 1253 1726 1330 verba

101 1354 383 1453 typographus:
927 1432 942 1456 ,Ι

794 1449 872 1527 Deo
900 1452 1049 1550 gracias.

101 1552 145 1630 ln
169 1547 338 1664 sequenti
358 1547 449 1624 solio
457 1573 535 1721 ‘³²2
554 1545 726 1664 Incipiunt
744 1548 1078 1662 diasicapr'iaioram
1098 1545 1181 1626 iibri
1203 1545 1412 1626 macrinio
1433 1536 1524 1623 braii
1546 1472 1732 1664 anagraflr'urssa

101 1648 618 1825 sinuessae·
635 1669 774 1822 vina
795 1647 1056 1822 hansa
1077 1648 1240 1746 ...n
1298 1645 1487 1726 ‘ivm
1506 1647 1593 1726 v
1615 1649 1726 1726 ¹¹³²ae
1804 1749 1808 1766 ,

166 1771 196 1872 J,
374 1797 384 1832 ν
469 1767 482 1843 i
565 1767 610 1823 ¹1⁵
777 1831 781 1839 .

103 1940 192 2019 Non
218 1939 369 2027 dubito,
394 1940 484 2038 quin
503 1939 584 2016 haec
605 1937 721 2018 editio
742 1936 786 2019 sit
805 1839 1051 2042 mpgffla
1072 1939 1111 2020 dt
1131 1923 1229 2018 fort'e
1257 1929 1425 2032 omniun
1452 1941 1571 2039 prima
1599 1897 1745 2024 suren
1822 1977 1827 1988 ¹
1891 2031 1892 2038 .

107 2052 196 2116 ante
226 2061 493 2142 annum1477.
521 2037 663 2116 excusa.
1656 2085 1660 2094 ·
1730 2077 1737 2102 ι

107 2263 282 2422 LisiV.
314 2329 475 2436 Alani,
535 2328 610 2420 'ui
628 2329 846 2448 Magistri,
871 2285 1075 2424 Lexicon
1089 2328 1452 2448 alphabeticum,
1481 2331 1630 2452 inquo
1646 2265 1750 2420 vo.
1891 2407 1892 2418 .

225 2471 326 2538 cuni
348 2445 479 2558 signifi
553 2447 680 2536 iones
709 2473 764 2537 ex
788 2445 863 2538 usu
889 2449 1061 2541 illarum
1087 2446 1130 2534 in
1161 2442 1277 2538 sacra
1296 2445 1525 2563 scriptura,
1552 2449 1742 2561 vulgata*

224 2562 427 2650 ruminum
456 2559 653 2650 versione
681 2561 965 2678 potissimum,
1011 2587 1094 2652 nec
1128 2589 1218 2650 non
1251 2563 1366 2680 apud
1391 2555 1653 2678 Theologos
1681 2563 1729 2652 dt
1891 2639 1892 2642 γ

225 2671 379 2766 Patres
408 2676 764 2780 determinantur.
807 2677 862 2770 ln
886 2673 992 2774 Fos.
1017 2701 1160 2790 magn.
1526 2693 1528 2700 “
1725 2706 1730 2716 ·

205 2911 255 2996 'ln
279 2915 405 2996 aversa
427 2916 539 3018 primi
559 2915 640 2993 sosii
663 2915 816 3016 pagina,
844 2915 1015 2992 columna
1038 2917 1157 3015 prima
1174 2918 1256 2995 haec
1272 2921 1384 2998 verba
1403 2921 1593 3022 leguntur,
1617 2921 1728 2998 rubro
1891 2939 1892 3006 i

112 3015 284 3116 impressa
304 3016 446 3093 colore:
476 3011 687 3092 Venerabilis
706 3011 821 3092 Alani
839 3011 924 3089 iiber
947 3016 983 3090 a'a
1003 3012 1240 3114 disisaisioaiba
1261 3016 1438 3096 didiceram
1458 3019 1565 3096 thraso
1596 3020 1726 3096 'casiam
1777 3015 1781 3024 “
1891 3013 1892 3054 ³

105 3117 273 3219 ssesr'cr'tcr
296 3110 404 3227 (fic)
426 3106 606 3212 incipiat}
646 3111 823 3210 Sequitur
851 3126 975 3188 autem
1005 3114 1045 3189 in
1079 3113 1207 3191 eadem
1239 3116 1411 3194 columna
1434 3116 1547 3196 Alani
1603 3118 1729 3215 pistola
1891 3155 1892 3210 ;

112 3216 343 3294 dedicatoria
366 3212 416 3287 ad
437 3211 753 3308 Hennengaidum
790 3209 914 3288 Sentii
956 3211 1109 3308 AEgydii
1145 3213 1315 3290 abbatem
1324 3238 1341 3306 ε,
1377 3217 1417 3292 in
1443 3217 1614 3292 columna
1640 3240 1730 3291 vero
1891 3223 1892 3296 i

115 3313 287 3414 ejusdem
308 3309 454 3484 pffiinae
482 3309 639 3424 secunda
665 3306 777 3418 Alani
801 3307 840 3422 in
853 3331 886 3481 Σ
908 3407 930 3422 ..
1384 3409 1392 3428 ι
1498 3412 1506 3429 .
1891 3391 1892 3396 ¹

115 3434 190 3488 xvis
213 3407 320 3500 esth
377 3429 434 3484 us.
483 3405 525 3482 in
544 3428 664 3504 prima
686 3407 834 3483 secund
869 3406 934 3481 oln
957 3407 1127 3482 columna
1145 3406 1220 3484 sane
1242 3408 1319 3486 uilo
1343 3423 1458 3488 etlam
1479 3411 1589 3487 titulo
1613 3411 1730 3510 ipsum
1891 3431 1892 3490 i

887 3308 1021 3385 raesens
1044 3332 1137 3406 opus
1164 3311 1352 3407 praefatio,
1384 3314 1444 3389 cui
1463 3314 1587 3390 nulius
1608 3314 1731 3429 praesi-
1891 3307 1892 3376 ἶ

115 3512 272 3586 demum
292 3527 386 3603 opus
409 3503 540 3618 incipit
562 3503 608 3580 ab
629 3505 891 3618 explicatione¹
904 3502 1170 3616 praepositionis
1194 3529 1217 3580 a
1239 3507 1299 3583 vel
1321 3504 1391 3584 ab..
1452 3509 1634 3586 Litterarn
1658 3511 1730 3587 ini·
1891 3493 1892 3548 ³

116 3607 248 3685 tialem
271 3625 424 3700 parvam
446 3623 577 3700 prmaae
610 3624 715 3678 vocis
750 3623 915 3700 cujusvls
950 3601 1087 3679 litterae
1109 3601 1182 3699 ipse
1205 3605 1461 3702 typographus
1485 3606 1638 3706 adjecit,
1664 3633 1747 3686 err-1
1891 3659 1892 3676 .

119 3706 242 3804 ceptis
269 3701 405 3776 litteris
430 3699 635 3776 initialibus
653 3723 789 3777 vocum
817 3697 973 3774 Cadaver
991 3698 1031 3776 dt
1056 3697 1204 3789 Tabula,
1231 3725 1314 3800 quae
1335 3703 1416 3780 sunt
1433 3707 1565 3804 primae
1589 3706 1747 3784 littera-¹

117 3827 201 3882 rurn
221 3826 243 3876 c
260 3800 299 3878 dt
313 3799 338 3874 f.
382 3799 423 3873 In
442 3799 593 3873 vocibus
607 3797 760 3896 reliquis
782 3797 919 3874 litterae
939 3795 1101 3874 initiales
1120 3800 1256 3896 ubique
1275 3800 1413 3878 desunt.
1461 3803 1603 3886 Desunt
1618 3807 1745 3882 etiarn-

118 3902 159 3978 in
185 3915 271 3974 toto
297 3917 409 3991 opere
430 3894 618 3983 custodes,
644 3893 857 3991 signatum,
880 3895 1099 3994 paginarum
1119 3899 1273 3974 numeri.
1336 3901 1641 3998 interpunstionis
1665 3903 1733 4000 sig·
1891 3935 1892 3946 κ

119 4021 211 4076 num
232 3995 386 4074 unicum
407 3993 570 4068 occurrit
596 4013 730 4090 nempe
750 3991 935 4089 pandum.
987 3993 1060 4070 Pro
1082 4015 1117 4070 ae
1140 3993 1194 4070 est'
1212 3995 1335 4074 ubivis
1360 3996 1558 4097 esvmplex.
1609 4001 1732 4078 Voces

120 4097 287 4172 ahttera
312 4091 350 4166 H
375 4089 595 4186 incipientes
622 4087 860 4165 inveniuntur
887 4091 987 4166 inter
1007 4114 1120 4165 voces
1156 4095 1388 4170 avocalibus
1419 4119 1462 4185 a,
1492 4122 1531 4185 e,
1560 4099 1594 4186 i,
1620 4122 1663 4186 o,
1687 4121 1733 4187 u,
1891 4125 1892 4140 v

120 4193 358 4289 incipientes.
409 4185 473 4264 Sic
495 4184 615 4264 anam
638 4188 820 4284 reperitur
843 4187 885 4261 in
905 4211 947 4273 a,
973 4185 1071 4285 quasa
1091 4184 1206 4279 abere,
1235 4190 1351 4266 iarius
1377 4196 1414 4269 in
1438 4221 1477 4282 o,
1504 4195 1600 4292 quasi
1620 4208 1731 4284 artas,
1891 4175 1892 4198 ¹

124 4283 744 4460 Humilitasina,‡1aaeasrumiiitas
776 4283 987 4368 cribaretur.
1037 4286 1192 4364 Litterae
1206 4289 1453 4386 sevuigothicae
1467 4293 1557 4368 sunt
1598 4294 1734 4372 Occur-
1891 4353 1892 4360 .

121 4403 211 4467 runt
234 4385 360 4484 piures
387 4380 477 4478 sylla

123 4491 171 4562 bo
200 4482 362 4575 sculptae.
434 4475 715 4560 Abbreviaturae
737 4481 850 4554 etiam
872 4479 953 4556 sunt
976 4481 1194 4582 frequentiis
1273 4540 1281 4559 .
1347 4487 1485 4562 Charta
1508 4511 1643 4586 magna
1667 4491 1736 4581 est,

125 4589 161 4662 bt
185 4573 404 4662 riruuffima.
439 4576 623 4680 habetque
645 4577 1009 4686 amplos-margines.
1086 4579 1244 4658 Column
1316 4585 1432 4662 naevis
1454 4585 1738 4684 integva'iineas

1594 4710 1695 4764 coru·

541 4404 614 4460 ·ex
642 4405 717 4458 una
738 4383 893 4458 matrice
914 4381 1020 4470 susae,
1048 4398 1113 4460 aut
1140 4386 1272 4462 eodem
1295 4413 1343 4462 ex
1362 4403 1514 4478 trunco,
1539 4390 1599 4466 vel
1617 4391 1736 4489 plum·
1891 4425 1892 4428 Ν
