3832 5030
122 455 204 549 xl
240 455 427 546 Roberti
452 456 508 546 'de
535 451 698 563 Licio‚'
722 449 828 546 Ord.
847 479 1093 566 minutim,
1136 444 1354 568 immitto
1379 447 1568 550 nomine
1583 439 1743 549 dnae-

243 573 375 676 cioli,
421 565 635 688 Episcopi
673 571 722 660 A
754 571 912 658 uinatis
945 567 1164 660 sermones
1220 567 1742 685 quadragesimales:

241 681 483 776 Dominica
507 597 836 798 Septuagesmae
853 709 993 800 usque
1011 687 1065 774 sd
1088 680 1242 774 feriam
1268 690 1440 776 tertiam
1454 685 1549 802 poll
1570 683 1743 794 Pascha,

241 795 439 915 quisunt
470 823 540 916 73.
605 802 844 888 Accedunt
872 794 944 886 sex
970 799 1044 888 alii
1069 794 1288 888 sermones
1316 801 1371 888 de
1399 799 1575 890 diuersis
1606 821 1742 892 msto-

242 915 340 1020 riis‚
371 939 555 1030 quorum
585 911 749 1026 primus
773 911 854 1019 est,
895 915 950 1001 de
984 912 1345 1003 Annunciatione
1370 911 1421 1002 B.
1446 913 1516 1006 Μ.
1550 911 1643 1019 V„
1686 909 1742 1030 a)

241 1023 317 1116 De
347 1031 584 1132 Adventu,
625 1027 715 1115 hoc
738 1027 817 1133 cll,
860 1023 1143 1115 aDominica
1177 1026 1213 1114 Ι.
1255 1029 1656 1144 Adventus'usque
1685 1032 1743 1118 ad
1782 1063 1785 1070 ²

241 1137 283 1228 F
285 1141 418 1230 ellum
432 1139 703 1256 Epiphaniae.
764 1143 1003 1230 Accedunt
1026 1139 1244 1229 sermones
1261 1165 1371 1230 unus
1397 1145 1451 1230 de
1470 1140 1512 1228 S.
1531 1139 1740 1258 Josepho,

195 1335 203 1350 ,
243 1253 288 1344 &
325 1251 528 1343 undecim
563 1253 660 1361 alii,
695 1279 880 1370 quorum
912 1251 1078 1370 septem
1115 1257 1171 1344 de
1210 1254 1358 1362 divina
1386 1257 1627 1366 charitate,
1652 1259 1744 1345 duo

244 1371 300 1458 de
320 1368 648 1458 immortalitate
672 1370 843 1475 anime,
867 1393 979 1462 unus
998 1369 1159 1464 devita
1175 1365 1364 1465 hominis
1384 1389 1485 1458 ante
1502 1365 1618 1458 suam
1631 1367 1741 1463 Bes·

235 1483 489 1605 titudinem,
521 1485 713 1572 uuusde
739 1483 1012 1572 beatitudine
1037 1482 1081 1570 in
1134 1507 1279 1588 encre.
1342 1485 1539 1576 Accedit
1559 1481 1740 1592 Trasla-

224 1617 312 1704 ⁸tus
340 1600 396 1686 de
419 1598 696 1686 immaculata
726 1599 1024 1714 conceptione
1044 1595 1096 1684 B.
1167 1593 1267 1690 .Μ.
1312 1603 1394 1716 ,3)
1425 1595 1659 1690 Sermones
1685 1602 1742 1690 de

224 1709 428 1802 ·Timore
443 1707 714 1824 iudiciorum
736 1707 841 1800 Dei.
908 1708 1117 1834 Veneriis
1143 1735 1223 1828 per
1245 1707 1537 1802 Ollovianum
1557 1713 1751 1802 Scotum·

178 1903 183 1914 ,
242 1849 341 1914 ann.
372 1827 499 1936 1482.
544 1827 597 1916 ln
621 1852 667 1938 4.

291 2003 425 2121 Olnnia
442 2021 524 2099 haec
540 2019 801 2100 aestimatilsrmi
816 2015 875 2096 sua
890 2031 1024 2109 aetate,
1052 2020 1199 2099 Saeculo
1221 2022 1396 2100 nimirum
1417 2019 1498 2098 XV.
1523 2021 1642 2098 divini
1659 2043 1742 2099 ret·

124 2120 163 2196 ui
187 2120 370 2215 praeconis
393 2139 505 2216 opera
528 2119 607 2195 sunt
630 2121 781 2217 gothico
809 2117 1016 2196 charatiere
1036 2117 1261 2215 pereleganti
1277 2120 1314 2198 dr
1332 2119 1518 2217 praelianti
1542 2121 1681 2195 chartae
1702 2121 1743 2198 in
1823 2140 1830 2163 ·’

124 2217 269 2290 duabus
285 2217 466 2292 columnis
488 2218 665 2315 impressa.¹
714 2216 852 2294 Desunt
870 2216 1032 2292 initiales
1047 2216 1203 2303 litterae,
1228 2215 1416 2303 custodes,
1437 2217 1653 2314 paginarum
1673 2239 1743 2291 nu·
1786 2270 1790 2276 »
1901 2295 1904 2312 ,

124 2315 220 2402 meri
246 2313 285 2390 δι
307 2312 570 2411 inscriptiones,
624 2316 774 2392 Chartae
795 2326 921 2390 autern
945 2311 1027 2389 sunt
1048 2311 1209 2413 signatae.
1287 2313 1527 2416 Sermonibus
1550 2327 1627 2388 tam
1644 2315 1744 2399 Qua·

125 2408 444 2511 dragesrmalilrus,
470 2435 579 2510 quam
602 2412 650 2489 de
676 2411 873 2500 Adventu,
897 2410 936 2488 dt
958 2401 1007 2488 de‘
1022 2411 1156 2488 timore
1173 2409 1482 2508 iudiciorumDei
1501 2409 1644 2508 praefixi
1662 2409 1745 2486 lunt

127 2507 331 2602 peculiares
354 2508 514 2596 indices,
541 2510 601 2586 seu
628 2509 765 2585 tabulae
782 2508 999 2585 sermonum.
1076 2506 1139 2595 Ad
1159 2507 1271 2585 finem
1290 2510 1490 2585 uoluminis
1518 2507 1604 2604 satis
1629 2507 1743 2603 ampli

127 2605 302 2700 leguntur
334 2604 540 2702 sequentia:
580 2604 792 2682 Celeberrimi
814 2603 974 2704 theologia
1002 2607 1153 2707 magistri
1181 2631 1239 2682 nec
1264 2630 1330 2705 non
1347 2603 1445 2702 sacri
1476 2605 1598 2702 eloquii
1624 2606 1743 2702 pronis

116 2702 250 2798 finiris
277 2697 416 2778 Rostris
440 2701 579 2804 episcopi
604 2701 734 2802 Aquini.
761 2701 890 2778 ordinis
918 2705 1032 2801 minu4
1054 2701 1250 2804 proseffuris
1294 2727 1439 2779 armenes
1468 2701 1739 2801 quadragefimn-

126 2797 267 2886 stride
288 2799 452 2876 aduentu.-
479 2799 520 2879 &
549 2801 591 2876 de
616 2804 733 2904 timqre
763 2798 886 2875 iudicio
946 2797 1001 2884 dei
1032 2825 1106 2876 cum
1139 2798 1264 2898 qulbus
1278 2827 1334 2876 um
1369 2801 1449 2876 aliis
1481 2799 1623 2877 annexis
1657 2798 1741 2893 seli·

127 2899 211 2970 citer
251 2921 294 2970 ex
317 2895 461 2974 sitiunt·
518 2897 573 2974 Im
614 2901 696 3002 effli
718 2899 852 2973 ciuitate
876 2826 1015 2976 &melia
1056 2923 1120 2996 per
1142 2896 1362 2974 Olluainnum
1371 2898 1500 2997 scolam
1532 2895 1754 2994 Modoelimr

119 2993 203 3091 sem.
237 2993 284 3068 M
319 2991 571 3072 CCCLXXX
588 2996 620 3073 l.
644 2995 761 3072 Pridie
785 2993 946 3072 kalendar
970 2923 1158 3093 Fesruanj.
1184 2997 1200 3018 ¹
1224 2992 1384 3072 Accedit
1414 2995 1605 3089 registrum
1633 2994 1740 3068 char·

49 3153 52 3158 .
129 3105 263 3166 tarum.
296 3093 378 3168 ·Cl.
411 3093 570 3208 Michael
595 3095 710 3172 Denis
735 3099 769 3168 lu
788 3091 1190 3264 Ἧῖετῑωὰςδξὲῑείῑᾳιρετ
1208 3093 1409 3264 gll‘ffil‘l‘l
1428 3089 1636 3185 ffiibllotlptd
1655 3111 1738 3186 pag.

127 3213 219 3398 liis
236 3188 360 3361 llll?
382 3189 1170 3386 ntttlllstltttlistdtttlt
1185 3185 1741 3384 lulll'sindnltl‘llt}

127 3394 329 3480 qumquam
352 3383 569 3463 adnotatum
595 3387 732 3463 inveni.
783 3385 884 3462 Idem
905 3384 976 3461 loc.
1003 3386 1066 3461 cit.
1089 3408 1170 3482 pag.
1197 3399 1254 3470 81.
1279 3383 1325 3460 de
1346 3384 1469 3480 operis
1494 3381 1639 3459 aullore
1658 3380 1741 3478 plu·

127 3502 170 3555 ra
190 3479 302 3556 habet
323 3481 362 3556 in
386 3485 616 3584 compendio.
667 3483 769 3559 Obiit
794 3480 932 3580 Annini
953 3505 1050 3557 anno
1070 3505 1182 3579 1495,
1206 3505 1291 3558 cum
1310 3501 1422 3582 opera
1438 3477 1518 3578 ejus
1540 3479 1647 3578 uaria
1675 3499 1742 3578 per

127 3577 253 3675 plures
275 3577 458 3656 editiones
483 3579 559 3680 jam
584 3582 719 3679 ubique
740 3593 942 3681 propagata
964 3579 1151 3680 fuerunt¹
1299 3601 1304 3606 ·

128 3789 237 3882 Xll.
266 3785 384 3879 Petri
415 3787 470 3874 de
494 3785 681 3893 Abano,
708 3783 781 3876 seu
807 3767 999 3988 Apono,
1035 3781 1262 3903 quiricus
1290 3767 1350 3872 eli
1369 3810 1511 3902 prope
1532 3781 1762 3880 Paduam:

246 3900 485 3993 Medicinae
509 3895 829 4010 Dotloriss&
888 3895 1108 3990 rosesloris
1133 3897 1349 4006 Paduani,
1395 3899 1503 4012 Sec.
1533 3897 1658 3992 lllll.
1694 3899 1739 3988 ὃς

102 4071 104 4075 ,
245 4012 512 4107 initiolllV.
534 4015 807 4104 celelierrimi
822 4013 1050 4130 Expositio
1073 4011 1399 4105 Problematum
1411 4015 1676 4107 Aristotelis.
1699 4050 1739 4074 -

159 4141 187 4158 ”
246 4124 330 4220 Per
355 4129 598 4245 Iohannem
631 4123 824 4219 Herbort
848 4154 961 4215 anno
987 4127 1111 4240 1482.
1135 4127 1181 4216 in
1198 4124 1239 4214 F
1243 4128 1301 4214 ol.
1774 4167 1777 4175 Δ

295 4320 439 4404 Textus
464 4320 675 4401 Aristotelis
693 4321 831 4398 latinus
857 4321 908 4402 est
932 4321 1082 4422 gothico
1102 4321 1308 4399 charaiiere
1333 4343 1485 4418 magno,
1508 4319 1548 4398 dc
1575 4265 1739 4397 luculen-

123 4441 194 4516 to,
223 4423 471 4524 expositiones
499 4445 588 4498 vero
621 4421 741 4498 textui
767 4419 960 4518 subjunctae
989 4419 1071 4497 limt
1095 4415 1300 4494 charntlere
1341 4421 1484 4495 minuto
1517 4416 1737 4508 admodum,
1769 4443 1772 4448 ¹
1903 4447 1905 4450 ·

128 4541 290 4626 utroque
313 4517 599 4620 elegantiffimo,
622 4517 663 4600 in
688 4519 829 4600 duabus
855 4517 1036 4598 columnis
1063 4515 1252 4616 imprellae.
1307 4517 1444 4596 Charta
1464 4512 1737 4709 mmigssper·.
1813 4597 1817 4614 Ι
