3790 5030
15 252 208 336 '74
795 205 1121 332 ss

103 438 107 447 ’
152 415 288 514 Vlll.
318 373 504 508 Henrici
526 411 675 532 Hem,
721 412 830 514 Ord.
855 403 958 508 min.
1004 393 1250 537 Speculum
1277 441 1458 510 aureum
1482 418 1639 510 decem
1670 441 1774 534 pra-

268 530 775 760 qqqtoqqqrblilnecbalqlqi.
857 529 1156 652 Norimbergae
1199 559 1278 651 per
1327 534 1501 626 Anton.
1543 533 1777 646 Koburger

316 841 534 922 rraemtrue
548 844 599 922 est
618 844 732 921 nuex
755 845 1007 942 alphabeticus
1029 845 1286 933 materiarum,
1311 807 1449 922 nivem
1473 844 1575 922 forus
1600 843 1777 942 impreffis

156 942 448 1038 comprehensus.
534 944 576 1020 ln
631 942 725 1018 rima
753 943 834 1022 folii
867 945 1002 1038 decimi
1030 945 1202 1020 columna
1230 942 1306 1019 Ioci
1334 945 1355 1017 't
1376 941 1521 1044 Speculai
1541 947 1646 1018 aurei
1671 941 1780 1017 decem

151 1051 330 1211 preceqtq4
351 1039 415 1157 dei.
440 1041 569 1137 fratris
632 1039 835 1162 enricinlrerp
858 1041 987 1159 qrdinls
1009 1043 1162 1158 minori·
1177 1039 1219 1118 dr
1245 1037 1285 1116 ob
1301 1043 1512 1159 ementita!
1532 1040 1632 1156 modii
1647 1039 1779 1140 sorno·

156 1160 249 1334 tu?
285 1137 686 1352 ”list
713 1137 1218 1352 taciturnitati
1232 1136 1778 1352 stitttttttrttttttt

156 1335 362 1450 cuharastere
381 1358 420 1434 Ju
450 1359 483 1414 ae
506 1337 772 1434 magnitudinis
796 1337 895 1435 peres
945 1339 1042 1424 anti,
1067 1336 1107 1416 &
1127 1337 1315 1452 praestanti
1343 1337 1493 1414 chartae.
1537 1333 1684 1452 'Desunt
1705 1358 1778 1410 mr·

148 1431 262 1508 tuales
287 1433 423 1512 litterae
447 1436 675 1520 sermonum,
707 1435 895 1524 custodes,
937 1449 1136 1533 ignaturae,
1160 1457 1377 1534 paginarum
1405 1457 1559 1511 numeri.
1613 1433 1654 1507 ln
1678 1455 1778 1508 mar·

155 1531 240 1626 gine
266 1531 440 1630 superiori
464 1535 595 1631 primae
616 1535 761 1629 paginae
776 1531 941 1632 cujusvis
955 1531 1035 1610 solii
1056 1535 1337 1647 &praeceptum
1354 1533 1558 1618 indicatur,
1585 1529 1625 1608 dt
1643 1529 1774 1619 sermo,

153 1654 184 1704 e.
200 1651 236 1724 g.
264 1627 434 1730 Preceptri.
458 1633 495 1729 ij.
522 1629 639 1708 Sermo
663 1633 712 1730 iij.
761 1631 804 1707 In
824 1629 899 1709 fine
917 1633 1138 1718 uoluminis,
1165 1629 1225 1707 seu
1246 1630 1421 1708 sermonis
1444 1629 1490 1707 V.
1516 1631 1556 1705 in
1577 1651 1719 1704 nonum
1733 1628 1773 1707 ἀ
1888 1667 1890 1708 z

53 1733 58 1740 ’
153 1727 338 1802 decimum
367 1742 551 1826 praecepta
579 1727 800 1827 conjunttim
822 1729 904 1808 haec
924 1729 1097 1826 leguntur
1120 1727 1304 1829 impressa:
1330 1727 1466 1829 Speccli
1487 1727 1582 1804 aurei
1599 1737 1774 1825 precepto·
1889 1755 1890 1808 ς

156 1847 230 1898 turm
255 1823 311 1899 dri
330 1826 498 1930 clariffimi
514 1827 644 1922 ⁸[reatris
665 1827 821 1903 Heinrici
844 1825 925 1926 lurp
948 1826 1078 1904 ordinis
1107 1830 1271 1904 minorum
1293 1826 1335 1902 de
1358 1825 1567 1928 absentante
1590 1848 1675 1922 opas
1741 1848 1774 1898 r·

97 2007 101 2024 ι
156 1920 305 1999 claram:
329 1949 392 2022 per
418 1925 628 2002 Auriculam
655 1924 817 2026 lolrrrger
837 1924 1067 2028 Nuremlrergr
1093 1925 1273 2028 diligenter
1297 1923 1543 2024 consrtmmotug
1571 1925 1623 2023 est.
1709 1947 1774 1998 ntro

147 2024 272 2126 pilulis
300 2020 356 2107 εἰ.
383 2028 502 2108 lxxxi.
530 2031 645 2202 merqfir
666 2036 784 2108 marcii
806 2031 883 2108 idus
911 2045 1041 2131 qiuarto.
1092 2032 1190 2109 Lars
1212 2030 1253 2110 &
1274 2031 1389 2132 gloria
1417 2035 1499 2130 apio.
1547 2024 1690 2104 Auilor
1708 2029 1775 2102 ho·

156 2147 237 2212 uum
262 2125 467 2202 sermonum
488 2127 634 2204 Saecuo
661 2129 743 2207 XV.
768 2132 914 2218 floruit,
952 2133 1140 2228 ferturque
1164 2129 1287 2206 obiisse
1310 2131 1542 2218 Quardianus
1567 2139 1774 2203 conventus

159 2221 429 2300 lleclrlinienlis
459 2249 555 2302 anno
579 2242 681 2327 1478.
747 2228 960 2305 Editionem
984 2229 1106 2326 operis
1132 2227 1299 2330 ejusdem
1326 2229 1391 2306 Mo
1418 2227 1584 2304 untinam
1615 2245 1639 2297 a
1661 2223 1775 2300 Petro

156 2319 337 2398 Schoisser
359 2337 525 2402 curatam
541 2324 619 2424 post
639 2325 734 2403 alios
752 2327 915 2405 recenset
937 2329 984 2408 de
999 2327 1100 2406 Bure
1121 2329 1162 2408 in
1182 2251 1420 2427 Bibliogrcpi.
1437 2321 1623 2428 Inflmdiv.
1639 2347 1674 2397 n.
1695 2346 1774 2421 144.

156 2545 245 2641 tx„
268 2543 420 2640 AEneae
445 2544 613 2663 Sylvii,
641 2551 792 2669 postea
812 2548 879 2643 Pii
898 2549 962 2648 11.
986 2549 1115 2640 Rom.
1139 2547 1271 2650 Pont.
1290 2547 1334 2642 E
1367 2547 1505 2640 istola·
1522 2544 1780 2640 Norimber·

272 2689 334 2776 gae
365 2689 477 2752 anno
510 2667 634 2775 1481.
662 2691 741 2783 per
764 2671 937 2758 Ancon.
965 2665 1210 2780 Koburger.
1242 2666 1286 2754 io
1345 2666 1415 2754 ol.

226 2929 228 2937 .
324 2857 532 2936 Praemissus
559 2862 610 2937 est
635 2861 805 2940 Numerus
836 2862 877 2942 8
901 2862 985 2980 ordo
1012 2864 1219 2966 epistolarum
1244 2863 1282 2946 itt
1311 2860 1371 2938 lroc‘
1404 2885 1499 2960 opere
1528 2872 1778 2945 contentorum,

160 2953 219 3032 seu
239 2953 471 3052 epistolarum
498 2958 610 3036 index
632 2960 734 3040 foliis
763 2963 924 3136 quinque
951 2962 1126 3060 imprelsrs
1148 2958 1440 3060 comprehensus.
1504 2959 1680 3036 Mutilum
1706 2956 1780 3031 elie
1888 2985 1889 3022 ÷

161 3065 309 3151 oportet
329 3055 519 3152 exemplar
559 3081 582 3134 a
611 3059 665 3135 Cl.
691 3061 767 3158 Zap
796 3086 819 3135 o
851 3068 887 3138 ln
918 3059 1247 3160 meetottttgruno
1274 3065 1327 3138 ber
1356 3057 1540 3154 Baptismus
1565 3053 1779 3140 mutuarint

161 3173 244 3324 pag.
261 3155 319 3230 62.
346 3153 583 3250 descriptum,
607 3171 737 3253 utpote
759 3161 797 3234 in
824 3181 896 3254 quo
920 3159 1034 3235 index
1060 3159 1124 3236 iste
1151 3171 1308 3255 quatuor
1327 3168 1474 3234 tantum
1500 3155 1599 3232 foliis
1625 3153 1781 3230 constat.

180 3250 357 3347 naversa
388 3251 478 3328 sexti
504 3253 586 3329 solii
612 3254 765 3351 impressi
795 3257 929 3354 pagina
950 3256 1087 3352 legitur
1114 3255 1344 3345 Precooipotio
1371 3253 1464 3332 Erret
1476 3253 1571 3354 filuii
1587 3265 1681 3351 poete
1702 3253 1783 3338 lau-

162 3347 248 3421 reoti
273 3350 493 3425 concinnata
514 3373 538 3425 a
560 3351 716 3430 Nicolao
738 3354 784 3431 de
808 3353 915 3430 Vuile
939 3353 1029 3450 sacri
1054 3357 1224 3432 Lateran.
1254 3354 1388 3430 Palatii
1403 3353 1442 3431 ἀ
1456 3355 1550 3428 aulae
1575 3351 1782 3447 imperialis

163 3441 321 3520 Comite.
369 3445 473 3546 solio
499 3448 649 3526 demum
674 3449 826 3550 septimo
849 3451 1021 3550 Epistolae
1043 3452 1244 3549 incipiunt,
1272 3473 1429 3549 quorum
1449 3452 1568 3548 prima
1590 3449 1640 3524 est
1666 3447 1786 3548 Julia-

162 3541 202 3616 ni
227 3541 434 3620 Cardinalis
465 3543 502 3621 S.
530 3543 665 3646 Angeli
698 3551 749 3626 ad
777 3551 934 3626 AEneam
960 3550 1130 3628 Silvium.
1198 3548 1379 3646 lmprelsae
1407 3547 1488 3624 sunt
1512 3547 1662 3644 gothico
1687 3545 1782 3622 cha·

162 3637 299 3718 tallere
324 3641 567 3740 pereleganti,
596 3646 636 3724 dt
657 3648 842 3745 praestanti
865 3651 1015 3726 chartae.
1065 3643 1204 3725 Desunt
1228 3648 1389 3724 initiales
1415 3647 1570 3734 litterae,
1597 3643 1780 3731 cultores,

163 3734 377 3850 fignaturae,
407 3741 624 3836 paginarum
654 3748 816 3834 numeri,
848 3749 1121 3845 earundemque
1153 3745 1419 3844 inscriptiones.
1498 3745 1675 3822 Continet
1695 3741 1787 3818 haec

165 3835 281 3947 editio
298 3834 477 3932 Epistolas
494 3863 578 3936 432.
632 3841 694 3920 Est
714 3845 829 3940 igitur
843 3869 890 3920 ex
915 3845 1062 3922 illarum
1084 3868 1238 3922 numero
1260 3845 1485 3928 editionmn,
1514 3863 1596 3938 quae
1613 3840 1786 3916 omnium

167 3954 330 4008 maxume
355 3936 550 4031 completae
573 3936 664 4016 suot.
718 3941 816 4018 Nam
837 3967 912 4035 uon
939 3943 1051 4020 modo
1073 3944 1256 4020 editiones
1281 3943 1351 4018 hac
1370 3941 1620 4037 antiquiores,
1648 3960 1787 4014 verum

164 4033 277 4110 etiam
301 4033 525 4108 recentiores
549 4039 740 4131 quaedam,
765 4065 798 4117 e.
811 4063 847 4137 g.
866 4039 1103 4118 Lovaniensrc
1129 4041 1178 4118 ad
1199 4063 1341 4118 annum-
1360 4055 1452 4136 1483
1467 4035 1687 4116 recensenda
1698 4034 1791 4112 lon-

167 4153 213 4226 ge
235 4129 416 4204 minorem
443 4131 732 4229 complestuntur
756 4161 950 4214 numerum
980 4139 1235 4237 Epistolarum.
1308 4137 1393 4214 Post
1417 4161 1437 4212 e
1463 4135 1606 4212 istolam
1625 4159 1696 4232 432
1724 4133 1788 4210 le·

166 4243 304 4322 guntur
341 4230 511 4323 quaedam
540 4231 691 4312 disticha
723 4234 762 4309 in
784 4235 931 4312 laudem
954 4235 1118 4336 Virginis
1144 4238 1315 4334 Deiparae
1337 4235 1382 4312 ab
1461 4256 1531 4326 nea
1555 4232 1710 4329 Sylvio,
1739 4247 1790 4310 ut

92 4328 102 4336 “
166 4325 304 4438 sertor,
336 4327 553 4423 composita,
581 4353 682 4428 qum,
707 4329 732 4406 st
759 4332 919 4430 epistole
946 4335 1029 4408 loco
1047 4336 1186 4422 ‚trabere
1212 4335 1326 4420 uelis,
1352 4353 1528 4408 numerus
1548 4329 1789 4427 epistolarum

168 4441 208 4493 rn
234 4423 301 4496 nac
325 4425 490 4503 editione
513 4431 663 4504 omnino
687 4431 759 4505 erit
784 4456 874 4529 433,
904 4455 1014 4528 quem
1037 4433 1189 4528 quidem
1216 4455 1409 4508 numerum
1431 4430 1518 4505 huic
1549 4429 1704 4504 editioni
1728 4429 1796 4514 as·‚

166 4513 283 4621 signat
304 4519 359 4595 Cl.
384 4521 482 4623 Zaps
493 4525 562 4602 loc.
581 4527 643 4604 cit.
668 4547 750 4626 pag.
776 4535 834 4626 ⁶3·
910 4530 993 4608 Post
1017 4530 1097 4607 lraec
1128 4530 1279 4606 disticha
1298 4529 1448 4628 sequens
1472 4526 1608 4624 legitur
1628 4527 1786 4699 nqqitia:

1693 4651 1728 4722 l]-
