<?xml version="1.0" encoding="UTF-8"?>
<!DOCTYPE html PUBLIC "-//W3C//DTD XHTML 1.0 Transitional//EN"
    "http://www.w3.org/TR/xhtml1/DTD/xhtml1-transitional.dtd">
<html xmlns="http://www.w3.org/1999/xhtml" xml:lang="en" lang="en">
 <head>
  <title>
</title>
<meta http-equiv="Content-Type" content="text/html;charset=utf-8" />
  <meta name='ocr-system' content='tesseract 3.04.00' />
  <meta name='ocr-capabilities' content='ocr_page ocr_carea ocr_par ocr_line ocrx_word'/>
</head>
<body>
  <div class='ocr_page' id='page_1' title='image "./bibliothecacade01seemgoog_0122.png"; bbox 0 0 3794 5028; ppageno 0'>
   <div class='ocr_carea' id='block_1_1' title="bbox 193 227 1742 572">
    <p class='ocr_par' dir='ltr' id='par_1_1' title="bbox 193 224 1742 572">
     <span class='ocr_line' id='line_1_1' title="bbox 730 227 1742 354; baseline -0.006 0"><span class='ocrx_word' id='word_1_1' title='bbox 730 227 1055 354; x_wconf 41' lang='grc' dir='ltr'>ΗΒΕ</span> <span class='ocrx_word' id='word_1_2' title='bbox 1562 299 1564 304; x_wconf 58' lang='grc'><strong>’</strong></span> <span class='ocrx_word' id='word_1_3' title='bbox 1618 279 1673 350; x_wconf 84' lang='lat'>10</span> <span class='ocrx_word' id='word_1_4' title='bbox 1738 245 1742 264; x_wconf 79' lang='lat'><em>‘</em></span> 
     </span>
     <span class='ocr_line' id='line_1_2' title="bbox 193 271 1703 572; baseline 0.011 -45"><span class='ocrx_word' id='word_1_5' title='bbox 193 435 288 527; x_wconf 78' lang='lat' dir='ltr'>lic.</span> <span class='ocrx_word' id='word_1_6' title='bbox 313 438 365 549; x_wconf 85' lang='lat'>5)</span> <span class='ocrx_word' id='word_1_7' title='bbox 385 413 539 529; x_wconf 75' lang='lat' dir='ltr'>AEnea</span> <span class='ocrx_word' id='word_1_8' title='bbox 552 434 698 552; x_wconf 84' lang='lat' dir='ltr'>Sylvii</span> <span class='ocrx_word' id='word_1_9' title='bbox 722 407 870 572; x_wconf 72' lang='lat' dir='ltr'>postea</span> <span class='ocrx_word' id='word_1_10' title='bbox 908 436 968 542; x_wconf 84' lang='lat' dir='ltr'>Pil</span> <span class='ocrx_word' id='word_1_11' title='bbox 991 435 1050 529; x_wconf 88' lang='lat' dir='ltr'>ll.</span> <span class='ocrx_word' id='word_1_12' title='bbox 1078 432 1193 535; x_wconf 58' lang='grc' dir='ltr'>ΚΡ.</span> <span class='ocrx_word' id='word_1_13' title='bbox 1236 437 1451 550; x_wconf 66' lang='lat' dir='ltr'>Dialogus</span> <span class='ocrx_word' id='word_1_14' title='bbox 1490 450 1546 536; x_wconf 88' lang='lat' dir='ltr'>de</span> <span class='ocrx_word' id='word_1_15' title='bbox 1578 271 1703 544; x_wconf 62' lang='lat' dir='ltr'>sacas</span> 
     </span>
    </p>
   </div>
   <div class='ocr_carea' id='block_1_2' title="bbox 86 549 1715 2161">
    <p class='ocr_par' dir='ltr' id='par_1_2' title="bbox 86 549 1715 2161">
     <span class='ocr_line' id='line_1_3' title="bbox 195 549 1694 670; baseline 0.007 -30"><span class='ocrx_word' id='word_1_16' title='bbox 195 554 509 647; x_wconf 83' lang='lat' dir='ltr'>cummunione</span> <span class='ocrx_word' id='word_1_17' title='bbox 545 551 758 668; x_wconf 76' lang='lat' dir='ltr'>Corporis</span> <span class='ocrx_word' id='word_1_18' title='bbox 793 549 947 641; x_wconf 77' lang='lat' dir='ltr'>Chrilli</span> <span class='ocrx_word' id='word_1_19' title='bbox 984 553 1154 644; x_wconf 85' lang='lat' dir='ltr'>habitus</span> <span class='ocrx_word' id='word_1_20' title='bbox 1185 569 1335 646; x_wconf 87' lang='lat' dir='ltr'>contra</span> <span class='ocrx_word' id='word_1_21' title='bbox 1369 559 1613 670; x_wconf 82' lang='lat' dir='ltr'>Bohenros‚</span> <span class='ocrx_word' id='word_1_22' title='bbox 1649 569 1694 662; x_wconf 74' lang='lat' dir='ltr'>lic</span> 
     </span>
     <span class='ocr_line' id='line_1_4' title="bbox 87 661 1694 790; baseline 0.012 -40"><span class='ocrx_word' id='word_1_23' title='bbox 87 741 92 750; x_wconf 89' lang='lat'><strong>.</strong></span> <span class='ocrx_word' id='word_1_24' title='bbox 192 662 479 762; x_wconf 85' lang='lat' dir='ltr'>Thaboritas.</span> <span class='ocrx_word' id='word_1_25' title='bbox 529 665 580 776; x_wconf 86' lang='grc'>6)</span> <span class='ocrx_word' id='word_1_26' title='bbox 596 663 808 780; x_wconf 80' lang='lat' dir='ltr'>Jolrannis</span> <span class='ocrx_word' id='word_1_27' title='bbox 827 661 992 770; x_wconf 87' lang='lat' dir='ltr'>Gerson</span> <span class='ocrx_word' id='word_1_28' title='bbox 1008 665 1241 758; x_wconf 74' lang='lat' dir='ltr'>&#39;stellatus</span> <span class='ocrx_word' id='word_1_29' title='bbox 1259 677 1313 758; x_wconf 90' lang='lat' dir='ltr'>de</span> <span class='ocrx_word' id='word_1_30' title='bbox 1334 675 1694 790; x_wconf 78' lang='lat' dir='ltr'>simplificatione‚</span> 
     </span>
     <span class='ocr_line' id='line_1_5' title="bbox 176 776 1693 900; baseline 0.008 -28"><span class='ocrx_word' id='word_1_31' title='bbox 176 781 475 888; x_wconf 65' lang='lat' dir='ltr'>subditione,</span> <span class='ocrx_word' id='word_1_32' title='bbox 505 776 579 868; x_wconf 91' lang='lat' dir='ltr'>seu</span> <span class='ocrx_word' id='word_1_33' title='bbox 610 780 969 870; x_wconf 86' lang='lat' dir='ltr'>mundificatione</span> <span class='ocrx_word' id='word_1_34' title='bbox 993 788 1162 870; x_wconf 72' lang='lat' dir='ltr'>cordis„</span> <span class='ocrx_word' id='word_1_35' title='bbox 1228 785 1279 897; x_wconf 78' lang='lat'>7)</span> <span class='ocrx_word' id='word_1_36' title='bbox 1296 788 1492 900; x_wconf 88' lang='lat' dir='ltr'>ejusdem</span> <span class='ocrx_word' id='word_1_37' title='bbox 1515 793 1693 884; x_wconf 72' lang='lat' dir='ltr'>Tracta-</span> 
     </span>
     <span class='ocr_line' id='line_1_6' title="bbox 188 891 1700 1016; baseline -0.003 -32"><span class='ocrx_word' id='word_1_38' title='bbox 188 897 259 986; x_wconf 85' lang='lat' dir='ltr'>tu&#39;s</span> <span class='ocrx_word' id='word_1_39' title='bbox 287 899 345 984; x_wconf 88' lang='lat' dir='ltr'>de</span> <span class='ocrx_word' id='word_1_40' title='bbox 366 894 633 1000; x_wconf 77' lang='lat' dir='ltr'>directione,</span> <span class='ocrx_word' id='word_1_41' title='bbox 675 891 749 983; x_wconf 90' lang='lat' dir='ltr'>seu</span> <span class='ocrx_word' id='word_1_42' title='bbox 772 893 1033 985; x_wconf 77' lang='lat' dir='ltr'>testitudine</span> <span class='ocrx_word' id='word_1_43' title='bbox 1062 899 1226 994; x_wconf 79' lang='lat' dir='ltr'>cordis.</span> <span class='ocrx_word' id='word_1_44' title='bbox 1291 901 1341 1016; x_wconf 86' lang='lat'>8)</span> <span class='ocrx_word' id='word_1_45' title='bbox 1365 901 1578 1016; x_wconf 81' lang='lat' dir='ltr'>Ejusdem</span> <span class='ocrx_word' id='word_1_46' title='bbox 1606 912 1700 996; x_wconf 47' lang='lat' dir='ltr'>[fiai</span> 
     </span>
     <span class='ocr_line' id='line_1_7' title="bbox 189 1007 1715 1130; baseline 0.01 -30"><span class='ocrx_word' id='word_1_47' title='bbox 189 1013 318 1126; x_wconf 84' lang='lat' dir='ltr'>logus</span> <span class='ocrx_word' id='word_1_48' title='bbox 343 1013 398 1098; x_wconf 88' lang='lat' dir='ltr'>de</span> <span class='ocrx_word' id='word_1_49' title='bbox 430 1007 705 1126; x_wconf 83' lang='lat' dir='ltr'>perfettione</span> <span class='ocrx_word' id='word_1_50' title='bbox 729 1009 891 1104; x_wconf 83' lang='lat' dir='ltr'>cordis.</span> <span class='ocrx_word' id='word_1_51' title='bbox 955 1014 1008 1126; x_wconf 90' lang='lat'>9)</span> <span class='ocrx_word' id='word_1_52' title='bbox 1030 1009 1243 1125; x_wconf 81' lang='lat' dir='ltr'>Ejusdem</span> <span class='ocrx_word' id='word_1_53' title='bbox 1267 1012 1515 1128; x_wconf 79' lang='lat' dir='ltr'>Trllogium</span> <span class='ocrx_word' id='word_1_54' title='bbox 1542 1015 1715 1130; x_wconf 53' lang='lat' dir='ltr'>Allross.</span> 
     </span>
     <span class='ocr_line' id='line_1_8' title="bbox 183 1117 1691 1250; baseline 0.008 -36"><span class='ocrx_word' id='word_1_55' title='bbox 183 1127 312 1240; x_wconf 85' lang='lat' dir='ltr'>logiae</span> <span class='ocrx_word' id='word_1_56' title='bbox 345 1117 707 1238; x_wconf 47' lang='lat' dir='ltr'>Theologil&#39;ataet</span> <span class='ocrx_word' id='word_1_57' title='bbox 741 1122 819 1236; x_wconf 91' lang='lat'>10)</span> <span class='ocrx_word' id='word_1_58' title='bbox 849 1123 1063 1237; x_wconf 79' lang='lat' dir='ltr'>Ejusdem</span> <span class='ocrx_word' id='word_1_59' title='bbox 1090 1125 1340 1242; x_wconf 90' lang='lat' dir='ltr'>opusculum</span> <span class='ocrx_word' id='word_1_60' title='bbox 1369 1153 1522 1222; x_wconf 88' lang='lat' dir='ltr'>contra</span> <span class='ocrx_word' id='word_1_61' title='bbox 1550 1135 1691 1250; x_wconf 84' lang='lat' dir='ltr'>super·</span> 
     </span>
     <span class='ocr_line' id='line_1_9' title="bbox 87 1234 1689 1362; baseline 0.006 -30"><span class='ocrx_word' id='word_1_62' title='bbox 87 1326 91 1332; x_wconf 85' lang='lat'>.</span> <span class='ocrx_word' id='word_1_63' title='bbox 189 1235 395 1332; x_wconf 86' lang='lat' dir='ltr'>stitiosam</span> <span class='ocrx_word' id='word_1_64' title='bbox 419 1241 585 1328; x_wconf 89' lang='lat' dir='ltr'>dierum</span> <span class='ocrx_word' id='word_1_65' title='bbox 601 1234 979 1344; x_wconf 85' lang='lat' dir='ltr'>observationem.</span> <span class='ocrx_word' id='word_1_66' title='bbox 1028 1243 1106 1354; x_wconf 89' lang='lat'>11)</span> <span class='ocrx_word' id='word_1_67' title='bbox 1132 1242 1345 1354; x_wconf 83' lang='lat' dir='ltr'>Ejusdem</span> <span class='ocrx_word' id='word_1_68' title='bbox 1365 1245 1689 1362; x_wconf 84' lang='lat' dir='ltr'>Proposrtiones</span> 
     </span>
     <span class='ocr_line' id='line_1_10' title="bbox 190 1351 1692 1472; baseline 0.006 -28"><span class='ocrx_word' id='word_1_69' title='bbox 190 1355 394 1444; x_wconf 86' lang='lat' dir='ltr'>undecim</span> <span class='ocrx_word' id='word_1_70' title='bbox 417 1351 880 1472; x_wconf 74' lang='lat' dir='ltr'>adverluudoclrinam</span> <span class='ocrx_word' id='word_1_71' title='bbox 899 1353 1123 1466; x_wconf 85' lang='lat' dir='ltr'>cujusdam</span> <span class='ocrx_word' id='word_1_72' title='bbox 1143 1356 1317 1448; x_wconf 87' lang='lat' dir='ltr'>Medici</span> <span class='ocrx_word' id='word_1_73' title='bbox 1340 1360 1384 1448; x_wconf 91' lang='lat' dir='ltr'>in</span> <span class='ocrx_word' id='word_1_74' title='bbox 1416 1387 1568 1452; x_wconf 88' lang='lat' dir='ltr'>monte</span> <span class='ocrx_word' id='word_1_75' title='bbox 1598 1364 1692 1454; x_wconf 89' lang='lat' dir='ltr'>Pes-</span> 
     </span>
     <span class='ocr_line' id='line_1_11' title="bbox 86 1465 1691 1584; baseline 0.005 -22"><span class='ocrx_word' id='word_1_76' title='bbox 86 1535 91 1544; x_wconf 28' lang='lat'>*</span> <span class='ocrx_word' id='word_1_77' title='bbox 187 1469 338 1562; x_wconf 87' lang='lat' dir='ltr'>sulano</span> <span class='ocrx_word' id='word_1_78' title='bbox 362 1465 597 1584; x_wconf 80' lang='lat' dir='ltr'>scalpentis</span> <span class='ocrx_word' id='word_1_79' title='bbox 629 1467 861 1580; x_wconf 81' lang='lat' dir='ltr'>imaginem</span> <span class='ocrx_word' id='word_1_80' title='bbox 895 1471 1039 1558; x_wconf 87' lang='lat' dir='ltr'>leonis</span> <span class='ocrx_word' id='word_1_81' title='bbox 1073 1472 1118 1558; x_wconf 94' lang='lat' dir='ltr'>in</span> <span class='ocrx_word' id='word_1_82' title='bbox 1155 1469 1409 1562; x_wconf 80' lang='lat' dir='ltr'>numismate</span> <span class='ocrx_word' id='word_1_83' title='bbox 1432 1497 1533 1564; x_wconf 87' lang='lat' dir='ltr'>cum</span> <span class='ocrx_word' id='word_1_84' title='bbox 1560 1487 1691 1571; x_wconf 90' lang='lat' dir='ltr'>certis</span> 
     </span>
     <span class='ocr_line' id='line_1_12' title="bbox 190 1582 1691 1708; baseline 0.006 -34"><span class='ocrx_word' id='word_1_85' title='bbox 190 1582 510 1676; x_wconf 75' lang='lat' dir='ltr'>characteribus</span> <span class='ocrx_word' id='word_1_86' title='bbox 540 1609 620 1698; x_wconf 85' lang='lat' dir='ltr'>pro</span> <span class='ocrx_word' id='word_1_87' title='bbox 648 1584 875 1672; x_wconf 79' lang='lat' dir='ltr'>curatione</span> <span class='ocrx_word' id='word_1_88' title='bbox 901 1582 1082 1674; x_wconf 86' lang='lat' dir='ltr'>Renum.</span> <span class='ocrx_word' id='word_1_89' title='bbox 1138 1591 1223 1700; x_wconf 79' lang='lat' dir='ltr'>na)</span> <span class='ocrx_word' id='word_1_90' title='bbox 1248 1586 1461 1698; x_wconf 83' lang='lat' dir='ltr'>Ejusdem</span> <span class='ocrx_word' id='word_1_91' title='bbox 1497 1589 1691 1708; x_wconf 84' lang='lat' dir='ltr'>Propuli-</span> 
     </span>
     <span class='ocr_line' id='line_1_13' title="bbox 188 1695 1691 1900; baseline 0.003 -110"><span class='ocrx_word' id='word_1_92' title='bbox 188 1701 337 1790; x_wconf 89' lang='lat' dir='ltr'>tiones</span> <span class='ocrx_word' id='word_1_93' title='bbox 370 1695 533 1814; x_wconf 87' lang='lat' dir='ltr'>septem</span> <span class='ocrx_word' id='word_1_94' title='bbox 568 1698 622 1784; x_wconf 92' lang='lat' dir='ltr'>de</span> <span class='ocrx_word' id='word_1_95' title='bbox 653 1697 828 1786; x_wconf 88' lang='lat' dir='ltr'>dierum·</span> <span class='ocrx_word' id='word_1_96' title='bbox 856 1697 1103 1900; x_wconf 62' lang='lat' dir='ltr'>epualitate</span> <span class='ocrx_word' id='word_1_97' title='bbox 1123 1701 1179 1787; x_wconf 74' lang='lat' dir='ltr'>&#39;ln</span> <span class='ocrx_word' id='word_1_98' title='bbox 1212 1701 1367 1789; x_wconf 79' lang='lat' dir='ltr'>ordine</span> <span class='ocrx_word' id='word_1_99' title='bbox 1397 1707 1450 1794; x_wconf 87' lang='lat' dir='ltr'>ad</span> <span class='ocrx_word' id='word_1_100' title='bbox 1476 1705 1619 1796; x_wconf 79' lang='lat' dir='ltr'>bonos</span> <span class='ocrx_word' id='word_1_101' title='bbox 1644 1709 1691 1804; x_wconf 78' lang='lat' dir='ltr'>dc</span> 
     </span>
     <span class='ocr_line' id='line_1_14' title="bbox 87 1807 1689 1930; baseline -0.006 -23"><span class='ocrx_word' id='word_1_102' title='bbox 87 1811 94 1838; x_wconf 90' lang='lat'><em>&#39;</em></span> <span class='ocrx_word' id='word_1_103' title='bbox 186 1815 329 1906; x_wconf 87' lang='lat' dir='ltr'>malos</span> <span class='ocrx_word' id='word_1_104' title='bbox 361 1821 499 1902; x_wconf 87' lang='lat' dir='ltr'>rerum</span> <span class='ocrx_word' id='word_1_105' title='bbox 524 1807 747 1900; x_wconf 88' lang='lat' dir='ltr'>successus.</span> <span class='ocrx_word' id='word_1_106' title='bbox 802 1811 876 1928; x_wconf 85' lang='lat'>13)</span> <span class='ocrx_word' id='word_1_107' title='bbox 934 1814 966 1899; x_wconf 89' lang='lat' dir='ltr'>ii</span> <span class='ocrx_word' id='word_1_108' title='bbox 995 1813 1055 1902; x_wconf 92' lang='lat' dir='ltr'>ll.</span> <span class='ocrx_word' id='word_1_109' title='bbox 1079 1810 1133 1909; x_wconf 82' lang='lat' dir='ltr'>R.</span> <span class='ocrx_word' id='word_1_110' title='bbox 1150 1812 1196 1904; x_wconf 91' lang='lat' dir='ltr'>P.</span> <span class='ocrx_word' id='word_1_111' title='bbox 1231 1813 1427 1930; x_wconf 82' lang='lat' dir='ltr'>Epistola</span> <span class='ocrx_word' id='word_1_112' title='bbox 1452 1821 1506 1908; x_wconf 88' lang='lat' dir='ltr'>ad</span> <span class='ocrx_word' id='word_1_113' title='bbox 1532 1821 1689 1911; x_wconf 85' lang='lat' dir='ltr'>Mahn.</span> 
     </span>
     <span class='ocr_line' id='line_1_15' title="bbox 188 1921 1699 2042; baseline 0.007 -25"><span class='ocrx_word' id='word_1_114' title='bbox 188 1949 374 2034; x_wconf 81' lang='lat' dir='ltr'>anetem,</span> <span class='ocrx_word' id='word_1_115' title='bbox 404 1955 517 2014; x_wconf 90' lang='lat' dir='ltr'>anno</span> <span class='ocrx_word' id='word_1_116' title='bbox 554 1927 663 2036; x_wconf 82' lang='lat'>1464</span> <span class='ocrx_word' id='word_1_117' title='bbox 696 1927 923 2014; x_wconf 84' lang='lat' dir='ltr'>Anchonae</span> <span class='ocrx_word' id='word_1_118' title='bbox 940 1921 1117 2042; x_wconf 87' lang='lat' dir='ltr'>scripta,</span> <span class='ocrx_word' id='word_1_119' title='bbox 1157 1955 1258 2018; x_wconf 89' lang='lat' dir='ltr'>cum</span> <span class='ocrx_word' id='word_1_120' title='bbox 1288 1929 1488 2022; x_wconf 89' lang='lat' dir='ltr'>adversus</span> <span class='ocrx_word' id='word_1_121' title='bbox 1517 1932 1699 2028; x_wconf 81' lang='lat' dir='ltr'>Tuccao</span> 
     </span>
     <span class='ocr_line' id='line_1_16' title="bbox 87 2037 1153 2161; baseline -0.002 -27"><span class='ocrx_word' id='word_1_122' title='bbox 87 2105 94 2112; x_wconf 90' lang='lat'><em>-</em></span> <span class='ocrx_word' id='word_1_123' title='bbox 185 2037 654 2161; x_wconf 81' lang='lat' dir='ltr'>proficiscicogitatet.</span> <span class='ocrx_word' id='word_1_124' title='bbox 695 2039 894 2158; x_wconf 56' lang='lat' dir='ltr'>inlato„</span> <span class='ocrx_word' id='word_1_125' title='bbox 1053 2145 1058 2154; x_wconf 88' lang='lat'><em>.</em></span> <span class='ocrx_word' id='word_1_126' title='bbox 1148 2125 1153 2132; x_wconf 85' lang='lat'>.</span> 
     </span>
    </p>
   </div>
   <div class='ocr_carea' id='block_1_3' title="bbox 74 2233 1765 4588">
    <p class='ocr_par' dir='ltr' id='par_1_3' title="bbox 74 2233 1765 3312">
     <span class='ocr_line' id='line_1_17' title="bbox 170 2233 1689 2338; baseline 0.007 -23"><span class='ocrx_word' id='word_1_127' title='bbox 170 2237 305 2316; x_wconf 86' lang='lat' dir='ltr'>Omnia</span> <span class='ocrx_word' id='word_1_128' title='bbox 327 2236 408 2312; x_wconf 88' lang='lat' dir='ltr'>haec</span> <span class='ocrx_word' id='word_1_129' title='bbox 431 2233 601 2331; x_wconf 81' lang='lat' dir='ltr'>opusctda</span> <span class='ocrx_word' id='word_1_130' title='bbox 622 2235 778 2310; x_wconf 85' lang='lat' dir='ltr'>eandem</span> <span class='ocrx_word' id='word_1_131' title='bbox 799 2233 936 2312; x_wconf 89' lang='lat' dir='ltr'>habent</span> <span class='ocrx_word' id='word_1_132' title='bbox 961 2235 1250 2333; x_wconf 72' lang='lat' dir='ltr'>composituram,</span> <span class='ocrx_word' id='word_1_133' title='bbox 1275 2239 1479 2338; x_wconf 88' lang='lat' dir='ltr'>eodemque</span> <span class='ocrx_word' id='word_1_134' title='bbox 1506 2243 1689 2325; x_wconf 76' lang='lat' dir='ltr'>charatle·</span> 
     </span>
     <span class='ocr_line' id='line_1_18' title="bbox 74 2331 1688 2438; baseline 0.004 -23"><span class='ocrx_word' id='word_1_135' title='bbox 74 2361 111 2415; x_wconf 86' lang='lat' dir='ltr'>te</span> <span class='ocrx_word' id='word_1_136' title='bbox 130 2333 423 2438; x_wconf 72' lang='lat' dir='ltr'>impressasunt,¹</span> <span class='ocrx_word' id='word_1_137' title='bbox 447 2355 520 2428; x_wconf 91' lang='lat' dir='ltr'>quo</span> <span class='ocrx_word' id='word_1_138' title='bbox 544 2332 793 2430; x_wconf 83' lang='lat' dir='ltr'>praecedentia</span> <span class='ocrx_word' id='word_1_139' title='bbox 814 2331 874 2407; x_wconf 92' lang='lat' dir='ltr'>sub</span> <span class='ocrx_word' id='word_1_140' title='bbox 891 2359 952 2408; x_wconf 91' lang='lat' dir='ltr'>nn.</span> <span class='ocrx_word' id='word_1_141' title='bbox 973 2333 999 2408; x_wconf 91' lang='lat' dir='ltr'>l.</span> <span class='ocrx_word' id='word_1_142' title='bbox 1018 2334 1060 2410; x_wconf 89' lang='lat' dir='ltr'>ll.</span> <span class='ocrx_word' id='word_1_143' title='bbox 1078 2334 1138 2409; x_wconf 92' lang='lat' dir='ltr'>lll.</span> <span class='ocrx_word' id='word_1_144' title='bbox 1154 2335 1193 2412; x_wconf 80' lang='lat' dir='ltr'>dt</span> <span class='ocrx_word' id='word_1_145' title='bbox 1208 2335 1271 2413; x_wconf 89' lang='lat' dir='ltr'>IV.</span> <span class='ocrx_word' id='word_1_146' title='bbox 1296 2339 1564 2436; x_wconf 89' lang='lat' dir='ltr'>comprehensa.</span> <span class='ocrx_word' id='word_1_147' title='bbox 1597 2335 1688 2428; x_wconf 52' lang='lat' dir='ltr'>&#39;Cer</span> 
     </span>
     <span class='ocr_line' id='line_1_19' title="bbox 74 2429 1699 2533; baseline 0.005 -22"><span class='ocrx_word' id='word_1_148' title='bbox 74 2451 150 2511; x_wconf 89' lang='lat' dir='ltr'>tera</span> <span class='ocrx_word' id='word_1_149' title='bbox 170 2455 316 2532; x_wconf 89' lang='lat' dir='ltr'>quoque</span> <span class='ocrx_word' id='word_1_150' title='bbox 338 2431 482 2516; x_wconf 89' lang='lat' dir='ltr'>omnia,</span> <span class='ocrx_word' id='word_1_151' title='bbox 510 2451 594 2525; x_wconf 86' lang='lat' dir='ltr'>quae</span> <span class='ocrx_word' id='word_1_152' title='bbox 611 2431 664 2504; x_wconf 90' lang='lat' dir='ltr'>&#39;ad</span> <span class='ocrx_word' id='word_1_153' title='bbox 687 2444 881 2506; x_wconf 85' lang='lat' dir='ltr'>externam</span> <span class='ocrx_word' id='word_1_154' title='bbox 898 2430 1054 2528; x_wconf 74' lang='lat' dir='ltr'>spettant</span> <span class='ocrx_word' id='word_1_155' title='bbox 1073 2429 1249 2520; x_wconf 85' lang='lat' dir='ltr'>sormam,</span> <span class='ocrx_word' id='word_1_156' title='bbox 1287 2431 1368 2512; x_wconf 91' lang='lat' dir='ltr'>sunt</span> <span class='ocrx_word' id='word_1_157' title='bbox 1389 2437 1532 2533; x_wconf 79' lang='lat' dir='ltr'>prorsus</span> <span class='ocrx_word' id='word_1_158' title='bbox 1558 2442 1699 2518; x_wconf 81' lang='lat' dir='ltr'>eadenn¹</span> 
     </span>
     <span class='ocr_line' id='line_1_20' title="bbox 80 2527 1700 2635; baseline 0.006 -27"><span class='ocrx_word' id='word_1_159' title='bbox 80 2535 113 2608; x_wconf 91' lang='lat' dir='ltr'>iu</span> <span class='ocrx_word' id='word_1_160' title='bbox 135 2533 309 2608; x_wconf 76' lang='lat' dir='ltr'>omnibus</span> <span class='ocrx_word' id='word_1_161' title='bbox 329 2529 433 2606; x_wconf 88' lang='lat' dir='ltr'>hisce</span> <span class='ocrx_word' id='word_1_162' title='bbox 456 2527 657 2625; x_wconf 84' lang='lat' dir='ltr'>opusculis,</span> <span class='ocrx_word' id='word_1_163' title='bbox 700 2547 782 2622; x_wconf 88' lang='lat' dir='ltr'>quae</span> <span class='ocrx_word' id='word_1_164' title='bbox 811 2527 911 2603; x_wconf 87' lang='lat' dir='ltr'>soliis</span> <span class='ocrx_word' id='word_1_165' title='bbox 943 2527 1118 2626; x_wconf 79' lang='lat' dir='ltr'>impressis</span> <span class='ocrx_word' id='word_1_166' title='bbox 1148 2545 1298 2610; x_wconf 85' lang='lat' dir='ltr'>uentum</span> <span class='ocrx_word' id='word_1_167' title='bbox 1328 2537 1530 2631; x_wconf 83' lang='lat' dir='ltr'>nonaginta</span> <span class='ocrx_word' id='word_1_168' title='bbox 1552 2538 1700 2635; x_wconf 86' lang='lat' dir='ltr'>septem¹</span> 
     </span>
     <span class='ocr_line' id='line_1_21' title="bbox 81 2624 1690 2728; baseline 0.005 -22"><span class='ocrx_word' id='word_1_169' title='bbox 81 2627 334 2728; x_wconf 88' lang='lat' dir='ltr'>comprehensa</span> <span class='ocrx_word' id='word_1_170' title='bbox 353 2626 444 2704; x_wconf 89' lang='lat' dir='ltr'>sunt.</span> <span class='ocrx_word' id='word_1_171' title='bbox 512 2625 690 2714; x_wconf 84' lang='lat' dir='ltr'>Quamvis</span> <span class='ocrx_word' id='word_1_172' title='bbox 713 2624 828 2722; x_wconf 87' lang='lat' dir='ltr'>igitur</span> <span class='ocrx_word' id='word_1_173' title='bbox 848 2647 977 2701; x_wconf 89' lang='lat' dir='ltr'>eorum</span> <span class='ocrx_word' id='word_1_174' title='bbox 996 2650 1071 2701; x_wconf 91' lang='lat' dir='ltr'>non</span> <span class='ocrx_word' id='word_1_175' title='bbox 1091 2627 1193 2702; x_wconf 91' lang='lat' dir='ltr'>nulla</span> <span class='ocrx_word' id='word_1_176' title='bbox 1221 2628 1375 2726; x_wconf 76' lang='lat' dir='ltr'>separari</span> <span class='ocrx_word' id='word_1_177' title='bbox 1397 2631 1528 2728; x_wconf 79' lang='lat' dir='ltr'>polfint</span> <span class='ocrx_word' id='word_1_178' title='bbox 1547 2637 1690 2724; x_wconf 82' lang='lat' dir='ltr'>abinvi-</span> 
     </span>
     <span class='ocr_line' id='line_1_22' title="bbox 78 2722 1688 2832; baseline 0.004 -27"><span class='ocrx_word' id='word_1_179' title='bbox 78 2753 172 2816; x_wconf 86' lang='lat' dir='ltr'>cem,</span> <span class='ocrx_word' id='word_1_180' title='bbox 197 2726 298 2802; x_wconf 88' lang='lat' dir='ltr'>haud</span> <span class='ocrx_word' id='word_1_181' title='bbox 325 2739 451 2828; x_wconf 76' lang='lat' dir='ltr'>tamen</span> <span class='ocrx_word' id='word_1_182' title='bbox 473 2722 718 2801; x_wconf 50' lang='lat' dir='ltr'>¹dubitandum</span> <span class='ocrx_word' id='word_1_183' title='bbox 741 2722 907 2810; x_wconf 89' lang='lat' dir='ltr'>videtur,</span> <span class='ocrx_word' id='word_1_184' title='bbox 947 2724 1035 2818; x_wconf 88' lang='lat' dir='ltr'>quin</span> <span class='ocrx_word' id='word_1_185' title='bbox 1060 2727 1185 2799; x_wconf 80' lang='lat' dir='ltr'>‘omnia</span> <span class='ocrx_word' id='word_1_186' title='bbox 1207 2749 1253 2826; x_wconf 73' lang='lat' dir='ltr'>en</span> <span class='ocrx_word' id='word_1_187' title='bbox 1273 2727 1404 2804; x_wconf 88' lang='lat' dir='ltr'>eadem</span> <span class='ocrx_word' id='word_1_188' title='bbox 1425 2735 1688 2832; x_wconf 84' lang='lat' dir='ltr'>typographia,</span> 
     </span>
     <span class='ocr_line' id='line_1_23' title="bbox 78 2819 1689 2926; baseline 0.005 -24"><span class='ocrx_word' id='word_1_189' title='bbox 78 2825 231 2903; x_wconf 81' lang='lat' dir='ltr'>&amp;forte</span> <span class='ocrx_word' id='word_1_190' title='bbox 249 2823 383 2901; x_wconf 84' lang='lat' dir='ltr'>eodem</span> <span class='ocrx_word' id='word_1_191' title='bbox 406 2835 591 2918; x_wconf 90' lang='lat' dir='ltr'>tempore,</span> <span class='ocrx_word' id='word_1_192' title='bbox 618 2823 685 2896; x_wconf 87' lang='lat' dir='ltr'>a&#39;ut</span> <span class='ocrx_word' id='word_1_193' title='bbox 707 2833 808 2896; x_wconf 87' lang='lat' dir='ltr'>certe</span> <span class='ocrx_word' id='word_1_194' title='bbox 829 2843 905 2896; x_wconf 90' lang='lat' dir='ltr'>non</span> <span class='ocrx_word' id='word_1_195' title='bbox 925 2819 995 2896; x_wconf 88' lang='lat' dir='ltr'>&#39;diu</span> <span class='ocrx_word' id='word_1_196' title='bbox 1017 2821 1176 2898; x_wconf 86' lang='lat' dir='ltr'>alterum</span> <span class='ocrx_word' id='word_1_197' title='bbox 1199 2819 1276 2920; x_wconf 87' lang='lat' dir='ltr'>post</span> <span class='ocrx_word' id='word_1_198' title='bbox 1293 2823 1459 2920; x_wconf 84' lang='lat' dir='ltr'>¹alterum</span> <span class='ocrx_word' id='word_1_199' title='bbox 1484 2829 1689 2926; x_wconf 81' lang='lat' dir='ltr'>prodierint&#39;</span> 
     </span>
     <span class='ocr_line' id='line_1_24' title="bbox 79 2916 1765 3023; baseline 0.005 -25"><span class='ocrx_word' id='word_1_200' title='bbox 79 2925 113 2998; x_wconf 89' lang='lat' dir='ltr'>io</span> <span class='ocrx_word' id='word_1_201' title='bbox 140 2925 273 3001; x_wconf 87' lang='lat' dir='ltr'>lucem.</span> <span class='ocrx_word' id='word_1_202' title='bbox 355 2917 503 2997; x_wconf 83' lang='lat' dir='ltr'>Addam</span> <span class='ocrx_word' id='word_1_203' title='bbox 527 2943 602 2994; x_wconf 89' lang='lat' dir='ltr'>non</span> <span class='ocrx_word' id='word_1_204' title='bbox 622 2917 742 3006; x_wconf 85' lang='lat' dir='ltr'>nulla,</span> <span class='ocrx_word' id='word_1_205' title='bbox 766 2938 849 3014; x_wconf 85' lang='lat' dir='ltr'>quae</span> <span class='ocrx_word' id='word_1_206' title='bbox 877 2916 1037 2994; x_wconf 82' lang='lat' dir='ltr'>sufficere</span> <span class='ocrx_word' id='word_1_207' title='bbox 1058 2933 1233 3016; x_wconf 90' lang='lat' dir='ltr'>poterunt</span> <span class='ocrx_word' id='word_1_208' title='bbox 1254 2921 1303 2998; x_wconf 88' lang='lat' dir='ltr'>ad</span> <span class='ocrx_word' id='word_1_209' title='bbox 1325 2947 1453 3001; x_wconf 84' lang='lat' dir='ltr'>eorum</span> <span class='ocrx_word' id='word_1_210' title='bbox 1474 2928 1689 3023; x_wconf 82' lang='lat' dir='ltr'>praesentem</span> <span class='ocrx_word' id='word_1_211' title='bbox 1763 3017 1765 3023; x_wconf 19' lang='lat'><strong>¹</strong></span> 
     </span>
     <span class='ocr_line' id='line_1_25' title="bbox 77 3012 1688 3122; baseline 0.004 -26"><span class='ocrx_word' id='word_1_212' title='bbox 77 3023 277 3099; x_wconf 86' lang='lat' dir='ltr'>editionem</span> <span class='ocrx_word' id='word_1_213' title='bbox 294 3012 340 3095; x_wconf 84' lang='lat' dir='ltr'>ab</span> <span class='ocrx_word' id='word_1_214' title='bbox 369 3015 593 3114; x_wconf 80' lang='lat' dir='ltr'>editionibus</span> <span class='ocrx_word' id='word_1_215' title='bbox 622 3015 707 3091; x_wconf 87' lang='lat' dir='ltr'>allis</span> <span class='ocrx_word' id='word_1_216' title='bbox 733 3014 878 3090; x_wconf 83' lang='lat' dir='ltr'>facilius</span> <span class='ocrx_word' id='word_1_217' title='bbox 907 3014 1200 3112; x_wconf 86' lang='lat' dir='ltr'>dignoscendam.</span> <span class='ocrx_word' id='word_1_218' title='bbox 1279 3019 1498 3116; x_wconf 91' lang='lat' dir='ltr'>Opusculum</span> <span class='ocrx_word' id='word_1_219' title='bbox 1527 3027 1688 3122; x_wconf 87' lang='lat' dir='ltr'>primum</span> 
     </span>
     <span class='ocr_line' id='line_1_26' title="bbox 80 3111 1686 3220; baseline 0.004 -28"><span class='ocrx_word' id='word_1_220' title='bbox 80 3121 205 3216; x_wconf 81' lang='lat' dir='ltr'>uiginti</span> <span class='ocrx_word' id='word_1_221' title='bbox 229 3119 392 3216; x_wconf 88' lang='lat' dir='ltr'>quinque</span> <span class='ocrx_word' id='word_1_222' title='bbox 412 3113 503 3192; x_wconf 87' lang='lat' dir='ltr'>folia</span> <span class='ocrx_word' id='word_1_223' title='bbox 523 3113 654 3211; x_wconf 86' lang='lat' dir='ltr'>implet</span> <span class='ocrx_word' id='word_1_224' title='bbox 674 3114 839 3209; x_wconf 83' lang='lat' dir='ltr'>integra,</span> <span class='ocrx_word' id='word_1_225' title='bbox 864 3111 904 3190; x_wconf 73' lang='grc' dir='ltr'>δι</span> <span class='ocrx_word' id='word_1_226' title='bbox 926 3115 1057 3210; x_wconf 88' lang='lat' dir='ltr'>primae</span> <span class='ocrx_word' id='word_1_227' title='bbox 1074 3116 1220 3211; x_wconf 81' lang='lat' dir='ltr'>paginae</span> <span class='ocrx_word' id='word_1_228' title='bbox 1243 3113 1426 3214; x_wconf 89' lang='lat' dir='ltr'>sequentis</span> <span class='ocrx_word' id='word_1_229' title='bbox 1445 3119 1524 3200; x_wconf 86' lang='lat' dir='ltr'>folii</span> <span class='ocrx_word' id='word_1_230' title='bbox 1541 3126 1686 3220; x_wconf 81' lang='lat' dir='ltr'>priores</span> 
     </span>
     <span class='ocr_line' id='line_1_27' title="bbox 81 3206 1667 3312; baseline -0.006 -16"><span class='ocrx_word' id='word_1_231' title='bbox 81 3215 229 3296; x_wconf 77' lang='lat' dir='ltr'>sedecim</span> <span class='ocrx_word' id='word_1_232' title='bbox 248 3216 390 3304; x_wconf 86' lang='lat' dir='ltr'>lineas,</span> <span class='ocrx_word' id='word_1_233' title='bbox 416 3211 549 3312; x_wconf 86' lang='lat' dir='ltr'>quibus</span> <span class='ocrx_word' id='word_1_234' title='bbox 570 3213 652 3289; x_wconf 85' lang='lat' dir='ltr'>haec</span> <span class='ocrx_word' id='word_1_235' title='bbox 672 3206 826 3308; x_wconf 78' lang='lat' dir='ltr'>subjelta</span> <span class='ocrx_word' id='word_1_236' title='bbox 848 3209 900 3286; x_wconf 85' lang='lat' dir='ltr'>est</span> <span class='ocrx_word' id='word_1_237' title='bbox 920 3212 1066 3287; x_wconf 89' lang='lat' dir='ltr'>notitia.</span> <span class='ocrx_word' id='word_1_238' title='bbox 1647 3213 1667 3256; x_wconf 80' lang='grc'>-’</span> 
     </span>
    </p>

    <p class='ocr_par' dir='ltr' id='par_1_4' title="bbox 468 3305 1293 3410">
     <span class='ocr_line' id='line_1_28' title="bbox 468 3305 1293 3410; baseline 0.001 -25"><span class='ocrx_word' id='word_1_239' title='bbox 468 3307 627 3408; x_wconf 81' lang='lat' dir='ltr'>Explicit</span> <span class='ocrx_word' id='word_1_240' title='bbox 654 3305 848 3410; x_wconf 25' lang='lat' dir='ltr'>&#39;Traditus</span> <span class='ocrx_word' id='word_1_241' title='bbox 888 3305 1027 3384; x_wconf 82' lang='lat' dir='ltr'>uolubil’</span> <span class='ocrx_word' id='word_1_242' title='bbox 1069 3305 1111 3384; x_wconf 81' lang='lat' dir='ltr'>de</span> <span class='ocrx_word' id='word_1_243' title='bbox 1151 3309 1293 3409; x_wconf 78' lang='lat' dir='ltr'>puffiom&#39;</span> 
     </span>
    </p>

    <p class='ocr_par' dir='ltr' id='par_1_5' title="bbox 468 3399 1397 3520">
     <span class='ocr_line' id='line_1_29' title="bbox 468 3399 1397 3520; baseline -0.003 -33"><span class='ocrx_word' id='word_1_244' title='bbox 468 3409 530 3488; x_wconf 85' lang='lat' dir='ltr'>bus</span> <span class='ocrx_word' id='word_1_245' title='bbox 560 3401 622 3490; x_wconf 75' lang='lat' dir='ltr'>use.</span> <span class='ocrx_word' id='word_1_246' title='bbox 668 3411 779 3488; x_wconf 73' lang='lat' dir='ltr'>Edu</span> <span class='ocrx_word' id='word_1_247' title='bbox 816 3417 961 3512; x_wconf 55' lang='lat' dir='ltr'>utapro</span> <span class='ocrx_word' id='word_1_248' title='bbox 984 3411 1129 3520; x_wconf 62' lang='lat' dir='ltr'>Juliu&#39;ne</span> <span class='ocrx_word' id='word_1_249' title='bbox 1162 3399 1291 3506; x_wconf 76' lang='lat' dir='ltr'>Gersoo</span> <span class='ocrx_word' id='word_1_250' title='bbox 1394 3477 1397 3484; x_wconf 21' lang='lat' dir='ltr'>r</span> 
     </span>
    </p>

    <p class='ocr_par' dir='ltr' id='par_1_6' title="bbox 468 3501 1290 3614">
     <span class='ocr_line' id='line_1_30' title="bbox 468 3501 1290 3614; baseline -0.001 -28"><span class='ocrx_word' id='word_1_251' title='bbox 468 3509 641 3587; x_wconf 68' lang='lat' dir='ltr'>titillatio</span> <span class='ocrx_word' id='word_1_252' title='bbox 679 3511 854 3612; x_wconf 52' lang='lat' dir='ltr'>,arifimfi</span> <span class='ocrx_word' id='word_1_253' title='bbox 911 3536 990 3588; x_wconf 79' lang='lat' dir='ltr'>trac·</span> <span class='ocrx_word' id='word_1_254' title='bbox 1021 3522 1065 3588; x_wconf 80' lang='lat' dir='ltr'>ad</span> <span class='ocrx_word' id='word_1_255' title='bbox 1108 3501 1290 3614; x_wconf 79' lang='lat' dir='ltr'>proseffirte</span> 
     </span>
    </p>

    <p class='ocr_par' dir='ltr' id='par_1_7' title="bbox 81 3535 1687 4588">
     <span class='ocr_line' id='line_1_31' title="bbox 458 3535 1154 3710; baseline -0.003 -26"><span class='ocrx_word' id='word_1_256' title='bbox 458 3605 560 3707; x_wconf 79' lang='lat' dir='ltr'>sucre</span> <span class='ocrx_word' id='word_1_257' title='bbox 597 3535 758 3707; x_wconf 68' lang='lat' dir='ltr'>tleolsgie</span> <span class='ocrx_word' id='word_1_258' title='bbox 795 3609 928 3685; x_wconf 83' lang='lat' dir='ltr'>eximio.</span> <span class='ocrx_word' id='word_1_259' title='bbox 1134 3685 1154 3710; x_wconf 20' lang='grc' dir='ltr'>Δ,</span> 
     </span>
     <span class='ocr_line' id='line_1_32' title="bbox 81 3702 1685 3820; baseline 0.002 -34"><span class='ocrx_word' id='word_1_260' title='bbox 81 3707 258 3788; x_wconf 84' lang='lat' dir='ltr'>louversa</span> <span class='ocrx_word' id='word_1_261' title='bbox 282 3705 418 3806; x_wconf 85' lang='lat' dir='ltr'>pagiua</span> <span class='ocrx_word' id='word_1_262' title='bbox 438 3705 518 3782; x_wconf 90' lang='lat' dir='ltr'>solii</span> <span class='ocrx_word' id='word_1_263' title='bbox 539 3703 708 3804; x_wconf 86' lang='lat' dir='ltr'>ejusdem</span> <span class='ocrx_word' id='word_1_264' title='bbox 729 3705 896 3820; x_wconf 86' lang='lat' dir='ltr'>impressa</span> <span class='ocrx_word' id='word_1_265' title='bbox 920 3707 1112 3803; x_wconf 85' lang='lat' dir='ltr'>leguntur,</span> <span class='ocrx_word' id='word_1_266' title='bbox 1141 3729 1231 3806; x_wconf 78' lang='lat' dir='ltr'>quae</span> <span class='ocrx_word' id='word_1_267' title='bbox 1264 3702 1510 3804; x_wconf 86' lang='lat' dir='ltr'>imprimenda</span> <span class='ocrx_word' id='word_1_268' title='bbox 1536 3704 1685 3790; x_wconf 77' lang='lat' dir='ltr'>strarant</span> 
     </span>
     <span class='ocr_line' id='line_1_33' title="bbox 82 3803 1687 3904; baseline 0.001 -22"><span class='ocrx_word' id='word_1_269' title='bbox 82 3809 207 3886; x_wconf 87' lang='lat' dir='ltr'>aversae</span> <span class='ocrx_word' id='word_1_270' title='bbox 255 3807 376 3902; x_wconf 86' lang='lat' dir='ltr'>aginae</span> <span class='ocrx_word' id='word_1_271' title='bbox 400 3805 501 3880; x_wconf 87' lang='lat' dir='ltr'>tertii</span> <span class='ocrx_word' id='word_1_272' title='bbox 524 3805 605 3880; x_wconf 88' lang='lat' dir='ltr'>solii</span> <span class='ocrx_word' id='word_1_273' title='bbox 620 3829 621 3834; x_wconf 60' lang='lat'>‘</span> <span class='ocrx_word' id='word_1_274' title='bbox 638 3803 798 3901; x_wconf 82' lang='lat' dir='ltr'>opusculi</span> <span class='ocrx_word' id='word_1_275' title='bbox 820 3803 1021 3902; x_wconf 89' lang='lat' dir='ltr'>sequentis,</span> <span class='ocrx_word' id='word_1_276' title='bbox 1060 3808 1099 3882; x_wconf 77' lang='grc' dir='ltr'>δι</span> <span class='ocrx_word' id='word_1_277' title='bbox 1121 3807 1207 3882; x_wconf 90' lang='lat' dir='ltr'>huic</span> <span class='ocrx_word' id='word_1_278' title='bbox 1234 3805 1347 3902; x_wconf 82' lang='lat' dir='ltr'>etlam</span> <span class='ocrx_word' id='word_1_279' title='bbox 1373 3803 1494 3880; x_wconf 90' lang='lat' dir='ltr'>denuo</span> <span class='ocrx_word' id='word_1_280' title='bbox 1519 3804 1687 3904; x_wconf 80' lang='lat' dir='ltr'>imprelsa</span> 
     </span>
     <span class='ocr_line' id='line_1_34' title="bbox 83 3899 1685 3990; baseline 0.004 -14"><span class='ocrx_word' id='word_1_281' title='bbox 83 3903 161 3981; x_wconf 80' lang='lat' dir='ltr'>lunt</span> <span class='ocrx_word' id='word_1_282' title='bbox 179 3977 180 3980; x_wconf 74' lang='grc'>,</span> <span class='ocrx_word' id='word_1_283' title='bbox 246 3930 273 3979; x_wconf 87' lang='lat' dir='ltr'>x</span> <span class='ocrx_word' id='word_1_284' title='bbox 297 3904 367 3978; x_wconf 88' lang='lat' dir='ltr'>hac</span> <span class='ocrx_word' id='word_1_285' title='bbox 389 3901 660 3978; x_wconf 85' lang='lat' dir='ltr'>circumstantia</span> <span class='ocrx_word' id='word_1_286' title='bbox 679 3901 909 3978; x_wconf 86' lang='lat' dir='ltr'>manifestum</span> <span class='ocrx_word' id='word_1_287' title='bbox 931 3902 1001 3990; x_wconf 90' lang='lat' dir='ltr'>est,</span> <span class='ocrx_word' id='word_1_288' title='bbox 1036 3901 1318 3978; x_wconf 88' lang='lat' dir='ltr'>Schelhornium</span> <span class='ocrx_word' id='word_1_289' title='bbox 1347 3901 1387 3976; x_wconf 83' lang='lat' dir='ltr'>in</span> <span class='ocrx_word' id='word_1_290' title='bbox 1408 3899 1572 3978; x_wconf 83' lang='lat' dir='ltr'>Diatribu</span> <span class='ocrx_word' id='word_1_291' title='bbox 1588 3905 1685 3982; x_wconf 73' lang='lat' dir='ltr'>Proa-</span> 
     </span>
     <span class='ocr_line' id='line_1_35' title="bbox 83 3993 1681 4099; baseline 0.004 -27"><span class='ocrx_word' id='word_1_292' title='bbox 83 4001 221 4078; x_wconf 83' lang='lat' dir='ltr'>limiuuri</span> <span class='ocrx_word' id='word_1_293' title='bbox 247 3999 295 4076; x_wconf 85' lang='lat' dir='ltr'>ud</span> <span class='ocrx_word' id='word_1_294' title='bbox 321 3997 414 4074; x_wconf 80' lang='lat' dir='ltr'>card.</span> <span class='ocrx_word' id='word_1_295' title='bbox 475 4001 581 4092; x_wconf 73' lang='lat' dir='ltr'>uicini</span> <span class='ocrx_word' id='word_1_296' title='bbox 612 3995 735 4074; x_wconf 82' lang='lat' dir='ltr'>librum</span> <span class='ocrx_word' id='word_1_297' title='bbox 758 3993 840 4073; x_wconf 81' lang='lat' dir='ltr'>deo</span> <span class='ocrx_word' id='word_1_298' title='bbox 878 4057 886 4076; x_wconf 92' lang='lat'><strong>.</strong></span> <span class='ocrx_word' id='word_1_299' title='bbox 905 3998 1024 4099; x_wconf 80' lang='lat' dir='ltr'>scrr&#39;pl.</span> <span class='ocrx_word' id='word_1_300' title='bbox 1050 3997 1147 4076; x_wconf 77' lang='lat' dir='ltr'>Edit.</span> <span class='ocrx_word' id='word_1_301' title='bbox 1170 4025 1250 4098; x_wconf 79' lang='lat' dir='ltr'>pag.</span> <span class='ocrx_word' id='word_1_302' title='bbox 1282 4023 1337 4092; x_wconf 83' lang='lat'>25.</span> <span class='ocrx_word' id='word_1_303' title='bbox 1369 3997 1430 4072; x_wconf 82' lang='lat' dir='ltr'>l&#39;ub</span> <span class='ocrx_word' id='word_1_304' title='bbox 1450 4003 1613 4080; x_wconf 86' lang='lat' dir='ltr'>numeris</span> <span class='ocrx_word' id='word_1_305' title='bbox 1637 4029 1681 4098; x_wconf 78' lang='lat'>19</span> 
     </span>
     <span class='ocr_line' id='line_1_36' title="bbox 86 4012 1686 4210; baseline 0 -36"><span class='ocrx_word' id='word_1_306' title='bbox 86 4101 226 4181; x_wconf 87' lang='lat' dir='ltr'>eosdem</span> <span class='ocrx_word' id='word_1_307' title='bbox 247 4095 440 4210; x_wconf 78' lang='lat' dir='ltr'>designasse</span> <span class='ocrx_word' id='word_1_308' title='bbox 474 4099 593 4210; x_wconf 64' lang='lat' dir='ltr'>&#39;bros3</span> <span class='ocrx_word' id='word_1_309' title='bbox 619 4119 712 4194; x_wconf 88' lang='lat' dir='ltr'>quos</span> <span class='ocrx_word' id='word_1_310' title='bbox 734 4097 796 4175; x_wconf 91' lang='lat' dir='ltr'>hic</span> <span class='ocrx_word' id='word_1_311' title='bbox 822 4012 1070 4176; x_wconf 68' lang='lat' dir='ltr'>lslnmnerls</span> <span class='ocrx_word' id='word_1_312' title='bbox 1098 4123 1128 4174; x_wconf 93' lang='lat'>1.</span> <span class='ocrx_word' id='word_1_313' title='bbox 1151 4098 1190 4175; x_wconf 74' lang='grc' dir='ltr'>δι</span> <span class='ocrx_word' id='word_1_314' title='bbox 1219 4123 1252 4210; x_wconf 81' lang='lat'>²:</span> <span class='ocrx_word' id='word_1_315' title='bbox 1276 4095 1456 4170; x_wconf 83' lang='lat' dir='ltr'>indlcavi:</span> <span class='ocrx_word' id='word_1_316' title='bbox 1482 4095 1598 4210; x_wconf 81' lang='lat' dir='ltr'>immo</span> <span class='ocrx_word' id='word_1_317' title='bbox 1620 4103 1686 4174; x_wconf 85' lang='lat' dir='ltr'>vix-</span> 
     </span>
     <span class='ocr_line' id='line_1_37' title="bbox 85 4191 1684 4290; baseline 0.001 -20"><span class='ocrx_word' id='word_1_318' title='bbox 85 4198 185 4273; x_wconf 86' lang='lat' dir='ltr'>etiam</span> <span class='ocrx_word' id='word_1_319' title='bbox 206 4195 450 4277; x_wconf 80' lang='lat' dir='ltr'>dubitandum</span> <span class='ocrx_word' id='word_1_320' title='bbox 472 4195 542 4282; x_wconf 79' lang='lat' dir='ltr'>all,</span> <span class='ocrx_word' id='word_1_321' title='bbox 570 4195 684 4272; x_wconf 81' lang='lat' dir='ltr'>libros</span> <span class='ocrx_word' id='word_1_322' title='bbox 708 4217 732 4270; x_wconf 91' lang='lat' dir='ltr'>a</span> <span class='ocrx_word' id='word_1_323' title='bbox 752 4193 995 4276; x_wconf 83' lang='lat' dir='ltr'>Schelhoruio</span> <span class='ocrx_word' id='word_1_324' title='bbox 1018 4195 1078 4272; x_wconf 90' lang='lat' dir='ltr'>sub</span> <span class='ocrx_word' id='word_1_325' title='bbox 1108 4213 1273 4270; x_wconf 78' lang='lat' dir='ltr'>numeras</span> <span class='ocrx_word' id='word_1_326' title='bbox 1304 4216 1360 4267; x_wconf 85' lang='lat'>22.</span> <span class='ocrx_word' id='word_1_327' title='bbox 1390 4191 1429 4268; x_wconf 80' lang='lat' dir='ltr'>dt</span> <span class='ocrx_word' id='word_1_328' title='bbox 1457 4218 1515 4290; x_wconf 81' lang='lat'>23.</span> <span class='ocrx_word' id='word_1_329' title='bbox 1546 4194 1684 4272; x_wconf 82' lang='lat' dir='ltr'>tbrdem</span> 
     </span>
     <span class='ocr_line' id='line_1_38' title="bbox 86 4287 1685 4394; baseline 0 -25"><span class='ocrx_word' id='word_1_330' title='bbox 86 4293 281 4394; x_wconf 86' lang='lat' dir='ltr'>defignatos</span> <span class='ocrx_word' id='word_1_331' title='bbox 304 4291 372 4368; x_wconf 88' lang='lat' dir='ltr'>else</span> <span class='ocrx_word' id='word_1_332' title='bbox 397 4293 549 4386; x_wconf 87' lang='lat' dir='ltr'>eosdem</span> <span class='ocrx_word' id='word_1_333' title='bbox 577 4307 662 4370; x_wconf 82' lang='lat' dir='ltr'>curan·</span> <span class='ocrx_word' id='word_1_334' title='bbox 686 4291 789 4368; x_wconf 87' lang='lat' dir='ltr'>libris</span> <span class='ocrx_word' id='word_1_335' title='bbox 812 4293 872 4368; x_wconf 92' lang='lat' dir='ltr'>hic</span> <span class='ocrx_word' id='word_1_336' title='bbox 899 4291 962 4370; x_wconf 86' lang='lat' dir='ltr'>sub</span> <span class='ocrx_word' id='word_1_337' title='bbox 986 4293 1150 4368; x_wconf 88' lang='lat' dir='ltr'>numeris</span> <span class='ocrx_word' id='word_1_338' title='bbox 1174 4295 1216 4380; x_wconf 85' lang='grc' dir='ltr'>ό,</span> <span class='ocrx_word' id='word_1_339' title='bbox 1242 4315 1285 4390; x_wconf 83' lang='lat'>7,</span> <span class='ocrx_word' id='word_1_340' title='bbox 1313 4303 1352 4376; x_wconf 86' lang='lat'>8,</span> <span class='ocrx_word' id='word_1_341' title='bbox 1378 4287 1417 4364; x_wconf 81' lang='lat' dir='ltr'>dt</span> <span class='ocrx_word' id='word_1_342' title='bbox 1448 4313 1470 4384; x_wconf 83' lang='lat'>9</span> <span class='ocrx_word' id='word_1_343' title='bbox 1495 4311 1518 4363; x_wconf 92' lang='lat' dir='ltr'>a</span> <span class='ocrx_word' id='word_1_344' title='bbox 1538 4313 1599 4366; x_wconf 88' lang='lat' dir='ltr'>me</span> <span class='ocrx_word' id='word_1_345' title='bbox 1620 4292 1685 4369; x_wconf 90' lang='lat' dir='ltr'>de·</span> 
     </span>
     <span class='ocr_line' id='line_1_39' title="bbox 87 4383 1684 4490; baseline 0.001 -28"><span class='ocrx_word' id='word_1_346' title='bbox 87 4387 233 4485; x_wconf 82' lang='lat' dir='ltr'>ignatis.</span> <span class='ocrx_word' id='word_1_347' title='bbox 292 4389 410 4465; x_wconf 89' lang='lat' dir='ltr'>Porro</span> <span class='ocrx_word' id='word_1_348' title='bbox 433 4389 644 4486; x_wconf 90' lang='lat' dir='ltr'>opusculum</span> <span class='ocrx_word' id='word_1_349' title='bbox 664 4389 816 4490; x_wconf 88' lang='lat' dir='ltr'>sequens</span> <span class='ocrx_word' id='word_1_350' title='bbox 837 4391 877 4472; x_wconf 86' lang='lat' dir='ltr'>ia</span> <span class='ocrx_word' id='word_1_351' title='bbox 900 4390 1023 4468; x_wconf 84' lang='lat' dir='ltr'>ltonte</span> <span class='ocrx_word' id='word_1_352' title='bbox 1049 4389 1149 4489; x_wconf 86' lang='lat' dir='ltr'>tituli</span> <span class='ocrx_word' id='word_1_353' title='bbox 1174 4389 1258 4468; x_wconf 92' lang='lat' dir='ltr'>loco</span> <span class='ocrx_word' id='word_1_354' title='bbox 1282 4383 1419 4464; x_wconf 87' lang='lat' dir='ltr'>litteris</span> <span class='ocrx_word' id='word_1_355' title='bbox 1438 4385 1549 4482; x_wconf 87' lang='lat' dir='ltr'>paulo</span> <span class='ocrx_word' id='word_1_356' title='bbox 1566 4387 1684 4488; x_wconf 86' lang='lat' dir='ltr'>majo·</span> 
     </span>
     <span class='ocr_line' id='line_1_40' title="bbox 89 4485 621 4588; baseline 0.006 -28"><span class='ocrx_word' id='word_1_357' title='bbox 89 4489 174 4566; x_wconf 84' lang='lat' dir='ltr'>ribus</span> <span class='ocrx_word' id='word_1_358' title='bbox 200 4491 283 4568; x_wconf 86' lang='lat' dir='ltr'>haec</span> <span class='ocrx_word' id='word_1_359' title='bbox 304 4485 415 4564; x_wconf 87' lang='lat' dir='ltr'>habet</span> <span class='ocrx_word' id='word_1_360' title='bbox 437 4486 621 4588; x_wconf 71' lang='lat' dir='ltr'>impressa:</span> 
     </span>
    </p>
   </div>
   <div class='ocr_carea' id='block_1_4' title="bbox 815 4599 1637 4704">
    <p class='ocr_par' dir='ltr' id='par_1_8' title="bbox 815 4599 1637 4704">
     <span class='ocr_line' id='line_1_41' title="bbox 815 4599 1637 4704; baseline -0.005 -19"><span class='ocrx_word' id='word_1_361' title='bbox 815 4661 817 4666; x_wconf 93' lang='lat'>-</span> <span class='ocrx_word' id='word_1_362' title='bbox 867 4607 898 4684; x_wconf 93' lang='grc'>0</span> <span class='ocrx_word' id='word_1_363' title='bbox 927 4633 950 4688; x_wconf 81' lang='lat'>2</span> <span class='ocrx_word' id='word_1_364' title='bbox 1247 4683 1251 4690; x_wconf 79' lang='grc'><strong>,</strong></span> <span class='ocrx_word' id='word_1_365' title='bbox 1279 4599 1280 4602; x_wconf 30' lang='grc'><em>“</em></span> <span class='ocrx_word' id='word_1_366' title='bbox 1511 4599 1637 4704; x_wconf 65' lang='grc' dir='ltr'>Ιηιὶρὶτ</span> 
     </span>
    </p>
   </div>
   <div class='ocr_carea' id='block_1_5' title="bbox 0 0 1905 5028">
    <p class='ocr_par' dir='ltr' id='par_1_9' title="bbox 0 0 1905 5028">
     <span class='ocr_line' id='line_1_42' title="bbox 0 0 1905 5028; baseline 0 0"><span class='ocrx_word' id='word_1_367' title='bbox 0 0 1905 5028; x_wconf 95' lang='lat' dir='ltr'> </span> 
     </span>
    </p>
   </div>
  </div>
 </body>
</html>
