3790 5030
688 271 710 356 κ
786 251 1108 376 ss
1701 281 1757 382 31

127 457 286 540 luminis
309 456 486 556 leguntur
506 456 712 559 sequentia:
745 457 907 561 Explicit
937 459 1062 537 lectura
1092 459 1211 539 eximii
1236 460 1347 560 legum
1375 453 1516 536 dodam
1538 453 1603 535 dni
1624 453 1768 534 Boctolc‘

114 558 172 639 ,de
182 557 411 660 saxoscrrcto
418 557 525 658 super
543 560 659 656 primo
671 572 785 659 parte.
801 559 847 658 ff.
864 562 985 636 oderis
1008 561 1155 638 Ueneriis
1171 549 1293 663 iprcffu
1317 570 1347 654 l>
1367 558 1517 636 Nicorao
1528 553 1664 662 Jcnfhn
1679 558 1758 658 gal·

126 659 196 736 licrc
244 681 333 732 anuo
352 653 489 733 domiui.
513 657 585 735 M
597 683 681 734 cccc.
706 656 871 756 Lxxuiij.
899 657 954 734 dic
976 683 1054 736 uero
1075 661 1205 736 Martii
1233 685 1301 735 ·x·
1370 657 1564 733 Letturam
1587 656 1758 732 Bartholi

126 760 168 836 in
194 685 392 834 iecundam
415 755 566 832 Partem
598 756 635 830 di
663 756 727 833 esti
752 759 891 836 veteris
923 758 1042 835 Nicol.
1075 753 1209 861 ‘Jenson
1239 756 1327 856 jum'
1343 780 1441 832 anno
1465 753 1639 852 superiori
1664 779 1757 854 1477
1872 815 1877 831 .

126 857 308 934 ediderat.
335 853 420 930 Vid.
448 854 554 952 supra
576 779 739 962 crisma
768 855 815 932 Ν.
839 855 977 934 XXIV.
1030 859 1086 934 De
1110 861 1304 953 utriusque
1325 856 1442 952 partis
1466 853 1631 929 editione
1651 849 1756 942 filent

126 951 528 1041 orlandimtaittaire,
545 953 601 1028 De
621 952 743 1044 Bure,
771 953 914 1042 dcclii,
945 954 1008 1053 qui
1031 956 1123 1034 mihi
1143 959 1189 1035 ad
1214 976 1345 1032 manus
1368 953 1465 1039 sunt,
1500 949 1756 1050 bibliographi.

128 1167 312 1265 XVlll.
345 1167 545 1259 Bartholi
568 1165 761 1258 Lediura
785 1167 833 1259 in
861 1171 1043 1285 primam
1078 1193 1247 1288 partem
1275 1169 1444 1289 Digesti
1471 1168 1611 1267 Novi.
1666 1163 1758 1267 Ve·
1839 1227 1842 1235 ,

245 1285 379 1376 netiis
412 1311 493 1403 per
519 1281 672 1382 Nicol.
693 1281 856 1400 Jenlon
884 1291 1012 1400 1478.
1051 1287 1097 1376 in
1118 1285 1160 1378 F
1163 1289 1225 1378 ol.

293 1482 469 1559 Exterior
495 1479 606 1580 hujus
631 1480 754 1579 operis
776 1479 896 1559 forma
918 1483 969 1560 est
990 1483 1134 1584 prorsus
1158 1485 1287 1563 eadem
1303 1508 1388 1563 curn
1411 1504 1521 1580 opere
1544 1481 1758 1560 immediate

155 1579 369 1660 raecedenti.
420 1579 483 1656 Ad
505 1581 645 1656 calcem
664 1579 866 1686 voluminis
895 1583 977 1659 haec
1008 1584 1120 1660 habes
1143 1582 1330 1682 imprelsa:
1371 1581 1529 1681 Explicit
1550 1581 1672 1660 ledunc
1696 1579 1758 1683 dcii

167 1693 256 1756 orto.
288 1677 329 1752 dc
346 1679 566 1779 firxoserrcro
589 1677 658 1778 sup
693 1685 778 1775 prio
809 1679 975 1777 parteffi
1006 1684 1086 1756 noui
1109 1685 1230 1780 optime
1257 1681 1406 1758 cmidnto
1439 1681 1575 1782 umetijr
1608 1675 1760 1782 imprcfflc

124 1804 189 1880 per
217 1777 401 1856 lilicolaum
425 1773 560 1885 Jcnfhn
582 1771 753 1877 gallicum.
803 1773 910 1854 Anno
933 1777 1004 1857 cni.
1031 1779 1089 1857 M.
1110 1807 1194 1858 cccc.
1217 1777 1382 1879 Lxxuiij.

130 2001 254 2096 XIX.
283 1996 454 2089 Bastuli
492 1967 684 2086 Ledura
712 1998 759 2087 in
800 1995 930 2088 adam
964 2019 1134 2115 partem
1165 1984 1397 2090 infortiari
1468 1997 1636 2093 Vener.
1680 2019 1760 2110 pec
1865 2103 1869 2112 Ι

250 2113 403 2208 Nicol.
435 2107 593 2228 Jenloo
624 2131 751 2228 1478.
772 2113 818 2202 in
844 2110 885 2201 F
888 2115 947 2202 ol.
1251 2120 1256 2128 '
1726 2133 1729 2142 ’

296 2309 419 2407 Hujus
439 2325 586 2405 quoque
603 2274 806 2384 voluminis
829 2309 994 2388 exterior
1011 2309 1132 2388 forma
1153 2309 1407 2409 plane'eadem
1430 2308 1480 2384 est
1500 2331 1583 2385 cum
1601 2308 1759 2386 duorum

133 2411 426 2514 praecedentium
448 2406 568 2483 forma
592 2407 782 2483 exteriori.
829 2408 871 2484 ln
886 2408 959 2484 tine
972 2409 1054 2485 liaec
1074 2422 1219 2485 tantum
1239 2408 1412 2510 leguntur
1426 2407 1610 2504 improlis:
1639 2404 1758 2482 Lelia-
1836 2473 1839 2484 ,

86 2505 90 2512 ’
135 2537 179 2590 ro
203 2509 322 2584 eximii
340 2505 481 2582 dodoris
502 2503 564 2579 dcii
583 2505 725 2581 Bartolr‘
735 2503 811 2624 [ΕΒ
820 2505 998 2708 masto
1024 2495 1338 2616 isortr'atipoptimc
1362 2504 1555 2582 emendata:
1577 2530 1664 2614 nep
1688 2503 1758 2580 Ni·
1790 2585 1795 2600 ,

135 2611 258 2704 colou3
295 2601 431 2712 Jcnson
470 2601 596 2702 gallicu
644 2603 792 2780 Ueneqs
835 2630 959 2702 rprea
997 2604 1129 2702 felicit*
1170 2605 1310 2705 explicit
1347 2605 1414 2680 Me
1457 2611 1548 2680 cccct
1594 2603 1755 2700 Lxxvr'r'j.

133 2707 366 2786 Postremum
390 2702 521 2781 folium
542 2727 619 2780 nou
643 2702 709 2780 nisr
768 2703 927 2806 cgistrum
953 2707 1166 2782 chartarum
1193 2703 1457 2804 complestitur.

134 2931 231 3026 XX.
276 2919 597 3020 institutionum
621 2923 847 3040 Justiniani
880 2931 1035 3044 imper.
1064 2927 1192 3020 Libri
1208 2929 1292 3024 IV.
1334 2953 1433 3018 cum
1459 2922 1604 3044 gloila.
1668 2929 1770 3022 Vc*

254 3047 388 3138 netiis
409 3071 488 3162 per
512 3040 729 3157 jacobum
753 3041 952 3134 Rubeum
984 3047 1107 3158 1478.
1135 3047 1180 3134 in
1202 3043 1241 3136 F
1245 3045 1305 3134 ol.
1638 3077 1642 3086 ¹

302 3241 446 3320 ‘sextus
464 3239 671 3318 clmradere
691 3239 842 3337 gothico
866 3239 1067 3319 admodum
1088 3239 1298 3330 luculento,
1323 3239 1435 3340 glolla
1462 3239 1598 3318 minori
1621 3236 1760 3336 pariter

138 3341 311 3444 gothico,
338 3353 495 3440 utroque
516 3364 604 3417 vero
628 3339 853 3438 pereleganti
869 3340 1036 3438 imprelsa
1060 3341 1149 3419 lunt.
1200 3341 1338 3418 Desunt
1358 3339 1526 3420 custodes
1547 3338 1587 3416 dt
1607 3338 1763 3435 pagina·

138 3465 225 3522 rum
248 3441 404 3516 numeri.
471 3440 634 3516 Litteras
669 3461 758 3516 vero
787 3439 950 3517 initiales
975 3461 1110 3538 parvas
1135 3441 1370 3538 plerumqne,
1396 3435 1600 3534 fignaturas
1625 3436 1760 3534 ubique

140 3537 398 3638 typographus
419 3535 565 3636 adjecit.
617 3536 756 3614 Charta
777 3558 913 3633 magna
937 3537 1008 3626 eit,
1029 3539 1068 3616 dc
1089 3541 1240 3615 omnino
1262 3533 1557 3636 praestantissima.
1626 3531 1762 3612 Rubri·

6 3661 7 3672 ¹
141 3659 218 3724 cae,
241 3659 326 3735 quae
352 3647 563 3724 vocantur‚·
584 3635 666 3712 lunt
685 3637 799 3712 etiam
819 3635 931 3712 rubro
958 3637 1082 3715 colore
1109 3636 1298 3736 impreisae.
1365 3633 1550 3712 Volumen
1574 3631 1762 3730 integrum

144 3759 223 3816 non
247 3733 313 3812 nisr
346 3740 390 3822 sd
419 3735 520 3811 foliis
548 3731 725 3832 impreffis
753 3733 903 3810 constat
978 3729 1043 3811 Ad
1065 3735 1205 3812 calcem
1228 3733 1350 3831 gloliae
1373 3733 1412 3810 in
1433 3733 1567 3810 librum
1590 3745 1763 3829 quartum

141 3834 246 3932 typis
267 3834 421 3921 iisdem,
468 3832 575 3908 uibus
599 3832 673 3930 ipsa
692 3831 822 3928 glolia‚
857 3833 907 3910 im
934 3830 1023 3908 teila
1051 3833 1188 3930 legitur
1209 3830 1361 3932 sequens
1380 3830 1531 3908 notitia:
1564 3827 1595 3906 0
1635 3831 1691 3930 imi
1711 3831 1763 3904 in·

142 3935 246 4034 genii.
276 3934 340 4047 uir·
355 3855 516 4037 jocticos
537 3927 631 4006 rubei
652 3931 793 4044 gallicus
812 3855 1043 4046 cuiuspopcrfs
1070 3929 1306 4046 institutionum
1341 3928 1585 4045 diligcgrtifflmu
1632 3927 1762 4028 artisccc
1808 4027 1816 4036 ·

145 4033 270 4147 extitit·
285 4055 339 4106 cur
365 4041 547 4146 castremunr
578 4029 767 4142 imprcfflorr
787 4035 888 4106 monn
914 4033 1061 4146 ncnctrjc.
1096 4027 1151 4105 dre
1169 4054 1229 4144 cccc
1256 4029 1343 4128 iulij.
1374 4028 1490 4105 innuo
1515 4023 1597 4141 duce
1617 4021 1763 4127 Joudne

141 4126 695 4332 lttttdlssfflly'ltlil
717 4125 1037 4314 letltlltll
1046 4127 1465 4335 ‘titillata
1486 4121 1764 4300 difidit:

143 4325 324 4408 recensui.
1726 4323 1732 4331 '

1591 4640 1710 4736 xxl.
