3790 5030
393 443 503 549 Quom
529 441 629 518 datas
651 443 694 544 est
709 441 807 541 finis.
833 438 996 538 rescrebat
1016 435 1145 544 ffilins
1163 463 1268 518 ornos

251 549 254 556 '
448 539 553 619 litiae
579 553 695 638 qnater
720 553 847 616 centnm
860 538 1076 638 septuaginta
1097 564 1220 614 nonem.
1254 547 1260 554 “

392 639 494 715 Hunc
515 665 581 712 erne
601 641 659 735 qai
680 637 767 714 dotti
789 663 915 715 nornen.
941 638 999 732 qni
1012 636 1111 712 lioren
1139 635 1267 734 olimpi

458 735 601 836 Quarir.
633 733 731 810 labet
752 735 899 836 praseae
917 759 1034 810 nonnas
1059 739 1182 832 ntriqg
1209 733 1304 809 lrirr.
1344 795 1348 816 .

389 833 481 912 Hine
507 833 635 934 Cnlrste
657 830 794 909 bonam:
819 831 992 933 scaniiosqg
1019 829 1171 908 docebere
1192 856 1299 910 morer

455 930 507 1008 Et
525 929 677 1034 prodeffe
703 934 812 1032 magis
838 927 1045 1012 tetrennia
1067 933 1182 1032 potest.
1868 960 1870 1040 4

92 1101 180 1252 Xl.
210 1151 388 1265 Virgilii
418 1177 554 1266 opera
592 1177 691 1242 cum
730 1150 1054 1240 commentariis
1095 1149 1238 1242 Servii
1282 1151 1430 1242 Mauri
1472 1153 1706 1248 Honorati.

214 1266 465 1364 Vincentia
479 1264 874 1382 perLeonhnrdum
894 1269 948 1354 de
964 1266 1127 1356 Basilea
1143 1293 1257 1356 anno
1277 1291 1402 1386 1479.
1426 1271 1472 1359 in
1486 1267 1591 1371 Fal.
1605 1277 1709 1370 min.
1871 1265 1873 1294 ³

264 1464 375 1540 lnitio
397 1459 596 1538 voluminis
619 1460 736 1538 exstat
756 1459 917 1536 Maronis
941 1459 1041 1547 Vita,
1069 1481 1152 1558 quae
1174 1460 1263 1540 folia
1285 1465 1358 1556 tria
1384 1468 1524 1562 priora,
1547 1465 1587 1544 δε
1601 1485 1708 1562 quar·

96 1562 317 1662 tiprimnm
338 1560 510 1658 paginam
533 1559 673 1657 implet.
745 1559 785 1633 ln
816 1557 939 1634 auersa
964 1559 1043 1634 folii
1073 1559 1256 1657 ejusdem·
1269 1564 1402 1660 pagina
1436 1561 1549 1640 Seruii
1584 1559 1709 1640 Mauri

97 1661 278 1742 Honorati
303 1655 525 1734 Grammaaci
550 1655 595 1732 ln
625 1656 788 1733 Bucolica
815 1655 976 1731 Maronis
1002 1659 1275 1737 comentariorum
1299 1659 1404 1736 Liaer
1425 1659 1523 1762 (lic)
1547 1659 1603 1737 sc.¹
1617 1663 1710 1738 inci·
1742 1719 1744 1726 ,

97 1764 178 1938 pit,
205 1758 513 1872 sequitur-autern
534 1779 610 1868 non
630 1753 695 1830 nisi
717 1751 886 1853 praefatio
906 1756 945 1829 in
962 1753 1141 1869 Bucolica
1147 1809 1158 1840 ,
1185 1779 1268 1853 quae
1291 1759 1509 1834 terminatur
1530 1759 1569 1834 in
1591 1760 1711 1856 prima

98 1849 867 2064 tltlltelltti.ll.l.”t.lt....lt
883 1851 1029 2046 ellit
1041 1855 1711 2052 alell:‚lltlllitllt‘lt..tl

100 2057 264 2130 duorum
290 2051 395 2126 rnirae
417 2047 607 2124 uetustatis
632 2051 898 2145 exemplarium
934 2070 981 2122 ex
1014 2047 1110 2123 hil'ce
1134 2048 1255 2125 Servii
1288 2051 1562 2127 commentariis
1592 2051 1712 2128 allerm
1800 2069 1807 2082 ¹

99 2153 244 2236 multa,
269 2170 352 2246 quae
375 2147 420 2222 ab
442 2146 524 2222 aliis
542 2145 690 2222 fuerant
717 2147 841 2240 inepte
872 2145 1005 2219 iisdem
1036 2143 1193 2242 adjetla,
1238 2149 1467 2246 expunxisse,
1489 2171 1711 2248 operamque
1821 2209 1830 2214 -

41 2287 45 2292 ·
101 2247 259 2333 dedisse,
285 2258 328 2320 ut
355 2266 448 2340 opus
472 2244 635 2340 prodiret
680 2265 765 2318 uam
790 2238 1126 2343 emendatilsrmum.
1193 2244 1364 2343 Epistolae
1385 2247 1471 2322 lruic
1495 2247 1542 2321 ad
1572 2247 1712 2322 calcem

101 2347 274 2424 e'usdem
297 2343 442 2439 paginae
468 2339 606 2438 adjeiln
633 2265 684 2416 ei
707 2340 858 2437 sequens
879 2339 1034 2421 notitia:
1060 2340 1137 2414 Hoc
1158 2367 1240 2439 opas
1259 2342 1461 2444 exaffitlma
1475 2369 1556 2416 cora
1574 2343 1614 2418 ii
1635 2370 1710 2419 era·

102 2369 231 2522 cirione
258 2438 414 2546 Joannis
439 2435 639 2536 Culpinrnii
661 2439 731 2512 airi
752 2435 918 2537 riaHr'fflmi
935 2456 1007 2511 reco
1031 2439 1125 2534 nitng
1139 2439 1338 2515 Leonardos
1356 2441 1396 2514 eir
1411 2441 1544 2539 Bafilca
1568 2442 1712 2516 lsinren·

104 2547 162 2619 lr'a
190 2539 430 2641 diiigentr'ffirne
455 2537 607 2648 imprcfflt
628 2535 732 2648 (inno
753 2559 775 2649 a
795 2535 972 2609 natiuitotr
991 2463 1117 2610 eirenen
1134 2541 1235 2651 nostri
1248 2535 1339 2643 Jrsn
1356 2538 1485 2641 Cirrisli.
1502 2539 1557 2614 M.
1575 2537 1710 2615 CCCC.

104 2641 248 2718 Laxior.
295 2634 432 2711 Aversa
454 2635 563 2732 hujus
586 2634 665 2708 folii
691 2655 825 2730 pagina
850 2629 900 2707 est
924 2656 1050 2708 vacua.
1083 2633 1207 2721 ,rouo
1229 2635 1330 2711 sexto
1360 2637 1507 2712 demum
1530 2637 1712 2732 incipiunt

103 2737 285 2828 Bucolica
302 2733 462 2810 rotundo
478 2731 682 2808 charaiiere
697 2730 920 2828 pereleganti
934 2729 1110 2825 imprell'a.
1162 2730 1304 2808 Eodem
1325 2734 1492 2832 imprella
1514 2733 1593 2810 lunt
1611 2757 1713 2809 com·
1751 2802 1752 2810 .

102 2835 308 2919 monteria,
330 2852 414 2928 quae
437 2844 582 2907 textum
615 2830 655 2904 in
687 2829 805 2904 tribus
840 2831 1016 2903 extremis
1049 2829 1275 2926 marginibus
1307 2833 1484 2907 ambiunt.
1535 2831 1713 2907 Bucolica

102 2925 1713 3106 ‘aillinartmamillanaer.t“ll³t⁰tttrlt¹¹rtllnllnlltd⁶3

102 3057 301 3240 firiptore,
320 3081 480 3220 quodam
510 3123 602 3198 Italo
634 3119 727 3230 Sanc.
751 3120 832 3197 XV.
868 3075 1048 3210 Mattiaco
1082 3118 1216 3291 Vegim
1243 3137 1285 3197 ut
1307 3121 1442 3208 fertur,
1474 3051 1710 3220 compositus,

104 3247 213 3302 vana
236 3223 422 3300 variorum
443 3221 483 3296 in
504 3215 699 3316 Virgilium
718 3217 899 3302 carmina,
928 3216 1076 3314 Virgilii
1096 3219 1205 3314 ipius
1228 3221 1389 3294 carmina
1415 3219 1518 3316 plura
1541 3220 1630 3306 alia,
1653 3217 1712 3294 sed

107 3323 242 3406 dubia„
265 3333 308 3394 ut
327 3319 452 3405 euleu,
484 3317 591 3405 ciris,
618 3317 806 3394 Moretum
826 3314 895 3393 &a
918 3313 988 3392 &e
1039 3312 1163 3411 Atque
1178 3318 1235 3391 lrae
1249 3317 1396 3412 quidem
1419 3315 1633 3392 accerlrones
1656 3316 1729 3416 lo3

103 3423 167 3498 liis
185 3413 363 3530 imprelirs
382 3416 622 3527 quadraginta
647 3413 726 3526 sunt
749 3412 1027 3526 comprehensae.
1089 3414 1128 3487 ln
1155 3411 1227 3488 line
1252 3414 1316 3528 his·
1336 3412 1599 3531 quinemnnihll
1620 3413 1713 3510 legi·
1802 3500 1805 3516 Ι
1838 3440 1843 3452 ·

103 3507 1713 3720 1111111111ῖῖ11121111111111111’1111111111
1829 3663 1835 3676 ,

22 3727 24 3798 l
105 3715 265 3792 Litterae
288 3709 400 3784 etiam
424 3707 585 3782 initiales
610 3707 806 3793 librorum,
835 3705 1062 3800 aliorumque
1076 3703 1284 3800 longiorum
1298 3707 1512 3782 carminum.
1562 3705 1713 3783 Orlandi

23 3813 25 3822 ’
108 3815 149 3889 in
174 3807 318 3906 Origine
341 3831 357 3880 e
381 3803 545 3906 Progreffl
563 3801 648 3879 della
662 3807 793 3906 flama
813 3802 883 3880 &a
908 3823 989 3900 pag.
1011 3825 1088 3901 174·
1112 3803 1252 3878 nullum
1277 3805 1383 3879 novit
1408 3805 1541 3880 librum
1561 3826 1584 3879 a
1602 3817 1712 3901 typo·

108 3905 251 4008 gapho
274 3903 413 3990 nollro,
437 3903 654 3978 Leonhardo
675 3901 709 3978 B
747 3899 866 3978 ileenli
889 3914 976 3976 ante
998 3923 1135 3976 annum
1154 3915 1249 3998 >1482
1264 3900 1481 3998 impressum.
1532 3899 1713 3977 Hamber-

107 4024 398 4106 genusquoque‚
432 4001 477 4076 de
491 3999 610 4084 Bure,
633 3999 844 4088 Harwood,
871 3997 910 4075 ἀ
928 3997 990 4072 ulii
1011 4019 1161 4084 ornnes,
1189 4022 1281 4095 quos
1301 3998 1480 4086 consului,
1507 3993 1713 4094 Bibliogra·
1774 4049 1779 4058 ·

109 4104 175 4203 phi
199 4100 357 4178 nostram
383 4099 583 4194 editionem
604 4098 821 4190 ignorarunt
843 4109 977 4191 praeter
999 4095 1261 4180 lllaittairlum‚
1312 4098 1348 4172 ui
1371 4096 1474 4172 Tom.
1498 4097 1525 4172 1.
1544 4119 1626 4192 pag.
1639 4119 1712 4190 402

108 4199 269 4277 nostram
295 4197 495 4273 editionem
522 4191 707 4289 designare
731 4193 896 4267 videtur:
940 4189 1109 4290 Vergilias
1129 4190 1249 4270 Seruii.
1280 4119 1357 4268 iol.
1390 4189 1573 4271 Wnrentia
1607 4213 1711 4288 147q.

107 4302 234 4389 Quare
252 4295 357 4374 libris
377 4315 460 4371 eam
481 4289 682 4370 rarioribus
704 4287 771 4367 elle
796 4283 1053 4366 accensendam
1071 4289 1206 4368 nullus
1230 4291 1369 4370 dubito.
1417 4319 1422 4327 ·

152 4617 319 4707 Sermillri
333 4613 429 4720 Fasc.
447 4611 501 4692 II.
695 4661 699 4670 ·
911 4601 943 4684 F
1144 4633 1168 4722 j
1586 4601 1666 4684 XII.
