3790 5030
109 459 245 548 untia,
274 481 344 536 nec
378 479 455 534 non
484 451 710 554 diphtongus
733 476 782 530 oe.
858 451 997 530 Charta
1033 449 1085 528 eli
1114 447 1331 538 firmiliima‚
1356 449 1457 529 alba.
1486 449 1526 532 da
1547 456 1704 533 munda:

86 483 249 638 littere
270 552 629 642 rotundatum&
655 551 920 649 perelegantes.
993 545 1056 627 Ad
1079 549 1222 634 calcem
1241 551 1363 650 operis
1393 549 1529 648 legitur
1555 552 1706 651 epistola

86 657 234 735 Hieron
302 656 315 731 i
339 651 490 737 Boninii
520 651 568 728 ad
593 647 790 726 Albertum
812 647 998 726 Vonicum
1029 648 1331 748 jurisconsultum
1357 647 1626 737 Tarvilranum‚
1655 678 1704 730 ex

85 779 164 852 qua
195 756 232 830 di
246 755 386 838 cimus,
417 748 589 848 Gregorii
609 747 847 846 Trapezuntii
868 744 1070 824 verlionem
1090 743 1286 824 secundum
1305 747 1513 844 exemplar,
1540 750 1640 846 quod
1664 753 1705 830 in

86 853 323 928 Bibliotheca
347 845 513 948 ejusdem
531 843 677 922 Alberti
696 843 912 930 delituerat,
933 837 1042 922 ‘luiffe
1062 843 1278 944 imprellam.
1328 844 1452 924 Finita
1478 847 1705 946 epistola-le·

88 952 191 1045 gitur
213 946 378 1026 Eiusdem
401 945 605 1042 Hieronymi
628 941 781 1019 Carmen.
1238 967 1243 980 ι

446 1039 612 1144 Eusebius
630 1043 730 1140 graio
754 1051 884 1116 lantum
898 1037 1050 1140 sermone
1070 1033 1228 1136 loquebar

543 1139 619 1216 Nec
635 1151 787 1238 poteram
811 1139 905 1214 latiis
927 1138 1022 1214 utilis
1047 1161 1064 1211 e
1091 1137 1224 1213 eoiris.

450 1236 544 1316 Cura
573 1235 778 1336 Trapezuati
800 1262 867 1313 eron
890 1240 932 1338 es
955 1260 1057 1336 perpe
1083 1261 1105 1312 a
1126 1237 1245 1343 georgi
1268 1311 1274 1322 .

425 1427 429 1434 Ι
542 1335 703 1434 Ignotum
723 1336 811 1412 tanti
835 1337 980 1410 muneris
1007 1359 1024 1432 e
1052 1359 1068 1407 e
1094 1327 1225 1411 bonum.
1380 1367 1389 1382 ν

443 1432 615 1534 Interpres
639 1432 744 1510 labos
757 1431 866 1534 scalers
889 1430 1030 1508 educarit
1051 1433 1087 1507 in
1109 1455 1189 1508 ocor

543 1529 596 1608 Ee
623 1530 736 1607 docuit
760 1531 879 1629 lingon
908 1528 1062 1606 liberiore
1084 1529 1185 1628 loqui.

445 1627 594 1708 Errorcs
616 1631 724 1728 igitar
753 1629 900 1727 quisquis
924 1627 1115 1727 cognoscere
1135 1623 1262 1726 priscos

543 1725 724 1828 Inslrollur
750 1752 832 1802 uero
860 1727 1021 1825 religione
1047 1728 1150 1823 capis.
1349 1727 1352 1732 ⁴
1401 1737 1404 1748 '

442 1823 506 1902 Me
526 1823 598 2002 lepre
616 1823 750 1901 diuinos
774 1824 931 1904 Romano
954 1850 1033 1901 uoce
1056 1821 1222 1940 docentem

92 2019 163 2098 His
186 2017 344 2134 demque
370 2017 522 2118 subjesta
542 1922 1426 2130 epsplgrtepppapgppleglssrrsuekzsrecgpqgmrppnnpp(fip>
1451 2012 1493 2090 de
1515 2013 1709 2116 coangelico

88 2131 336 2219 preparatione
366 2143 447 2212 opos
473 2143 495 2192 o
520 2119 606 2196 dolii
629 2147 693 2195 emo
726 2119 895 2219 utriusque
920 2119 1045 2220 linguae
1070 2121 1246 2217 interprete
1273 2137 1354 2212 geor
1379 2137 1411 2187 ro
1439 2111 1707 2212 Trapezuotioe
1753 2153 1755 2158 ·

91 2239 200 2316 groco
224 2217 422 2290 iniuriarum
445 2217 573 2316 anselm
641 2217 747 2294 iclroel
780 2217 991 2294 manzolious
1015 2219 1199 2318 parmcnfir
1224 2140 1421 2314 exedissma
1445 2212 1605 2416 irrppeefflt
1623 2212 1712 2328 dili·

92 2316 204 2414 gentia
235 2313 380 2416 floruisti
408 2312 514 2391 Anno
539 2315 756 2394 hamanitatis
777 2315 909 2420 Clrrsli.
934 2314 1196 2398 mcccclxxx.
1224 2308 1338 2412 pridie
1359 2307 1450 2385 ¹Idas
1509 2333 1679 2387 arecearrar.

98 2535 177 2628 vl.
210 2529 422 2648 johannis
447 2526 502 2615 de
530 2527 634 2634 Ast,
667 2527 773 2616 Ord.
802 2524 910 2625 min.
943 2523 1050 2613 Sec.
1078 2525 1204 2624 lllV.
1240 2527 1417 2618 Summa
1447 2530 1502 2618 de
1541 2531 1706 2620 cafibus

170 2644 479 2736 'conl'cientiae
523 2644 654 2756 vulgo
697 2639 859 2730 summa
905 2641 1159 2751 Alterura,
1212 2671 1290 2758 per
1334 2641 1705 2736 Bartholomaeum

205 2763 443 2863 Bellatum,
475 2755 584 2852 Ord.
604 2758 695 2847 min
737 2757 991 2858 emendata‚‘
1015 2755 1058 2844 tc
1087 2755 1291 2848 Veneriis
1313 2753 1550 2872 sumptibus
1570 2759 1705 2862 Nico-

199 2879 259 2967 lai
294 2879 349 2963 de
382 2868 675 2962 Frarrcfordia
710 2897 791 3005 per
828 2869 1141 2961 Leonhardum
1177 2871 1312 2964 Wild
1342 2871 1705 2967 Ratisbonensem

200 2985 398 3109 imprella
421 3015 522 3083 ann.
553 2988 679 3098 1480.
716 3013 762 3074 ιιι
786 2985 826 3076 F
830 2987 894 3082 ol.

250 3185 294 3264 In
318 3181 664 3262 fronte'voluminis
683 3180 951 3260 Bartholomaei
973 3180 1110 3260 Bellati
1134 3181 1181 3258 ad
1202 3181 1371 3260 Marcum
1385 3183 1549 3264 Barbum
1569 3184 1641 3264 Tit.
1662 3184 1702 3265 S.

93 3285 209 3363 Marci
232 3287 279 3362 de
298 3284 400 3371 Urbe
417 3282 531 3360 Presb
560 3297 681 3359 terum
704 3281 938 3365 cardinalem
961 3282 1187 3357 dedicatoria
1208 3282 1344 3378 legitur
1368 3282 1538 3382 epistola,
1569 3285 1704 3383 inqua

92 3377 193 3557 plura
215 3385 263 3458 ad
284 3381 432 3458 laudem
453 3305 642 3476 praelectis
660 3381 804 3478 operis,
830 3377 1046 3458 &auctoris
1070 3381 1298 3457 differuntur.
1346 3377 1533 3458 Adfirmat
1557 3405 1704 3481 quoque

125 3481 388 3557 artholomaeus
420 3477 558 3563 noller,
588 3504 610 3553 o
638 3501 681 3556 us
714 3477 807 3554 istud
840 3479 1117 3554 inemendatum
1141 3477 1180 3556 da
1205 3492 1419 3576 corruptum
1451 3480 1594 3557 incuria
1632 3482 1704 3559 im·

91 3575 286 3750 preliatum
309 3575 343 3652 se
370 3575 591 3672 deprehendi
621 3603 660 3666 e,
686 3571 943 3688 ideoqueej'us
959 3576 1178 3650 emendandi
1198 3575 1386 3653 confilium
1409 3577 1558 3694 cepille,
1584 3579 1704 3694 curas·

103 3701 210 3774 eque,
250 3689 295 3752 ut
317 3695 389 3770 per
423 3673 627 3773 Johannem
660 3675 707 3750 de
730 3673 904 3756 Colonia,
934 3671 973 3750 dt
1005 3674 1208 3774 Johannem
1241 3675 1420 3752 Manthen
1441 3699 1543 3753 omne
1564 3677 1702 3767 lludlo,

91 3796 193 3860 cura,
234 3771 494 3868 &diligentia
527 3771 648 3849 denuo
677 3773 962 3868 imprimeretur.
1032 3770 1113 3848 Deli
1142 3786 1249 3848 natur
1271 3773 1330 3848 bis
1353 3776 1418 3849 abs
1447 3773 1559 3852 dubio
1585 3777 1701 3853 editio

34 3911 37 3920 ·
92 3869 230 3948 Veneta
259 3871 347 3946 anni
377 3883 488 3970 1478,
520 3866 624 3966 cujus
652 3870 825 3946 meminit
844 3867 1008 3966 Freytag
1028 3871 1067 3944 in
1125 3881 1262 3966 pparal.
1293 3869 1401 3953 Liter.
1429 3873 1533 3950 Tom.
1556 3873 1583 3949 l.
1615 3895 1699 3972 pag.

92 3996 167 4070 579.
218 3969 256 4044 H
285 3965 540 4044 'ns-editionis
560 3967 737 4062 praeiens,
765 3988 848 4064 quae
868 3967 960 4043 mihi
980 3989 1056 4063 prae
1083 3965 1288 4054 oculisest,
1315 3972 1430 4046 editio
1456 3996 1530 4048 non
1553 3969 1618 4048 nia
1641 3997 1701 4049 re·

90 4069 216 4164 petitio
245 4092 267 4143 e
294 4065 495 4141 evidetur.
555 4063 617 4139 Est
639 4086 728 4140 vero
748 4066 829 4141 haec
851 4065 967 4142 editio
986 4066 1136 4162 gothico
1161 4065 1368 4143 charatlere
1392 4070 1536 4146 minuto
1560 4069 1700 4146 chartae

89 4163 305 4242 nitidiffimae
324 4165 368 4238 in
390 4162 533 4239 duabus
561 4162 744 4238 columnis
770 4163 963 4260 imprella.¹
1000 4164 1113 4240 Caret
1136 4163 1271 4240 litteris
1297 4164 1518 4252 initialibus.
1543 4165 1731 4244 custodi-1

89 4265 173 4350 bus,
201 4263 241 4342 de
265 4263 482 4359 paginarum
509 4261 684 4337 numeris.
705 4293 716 4315 ν
735 4259 860 4350 Habet
876 4283 966 4338 vero
988 4259 1191 4358 lignaturas
1213 4262 1482 4362 &paginarum
1495 4264 1698 4360 inscriptio·

90 4385 162 4438 nes.
214 4361 358 4437 Praeter
385 4357 558 4455 punlium
579 4373 777 4462 occurrunt
799 4359 912 4434 etiam
931 4359 1004 4435 duo
1026 4359 1168 4457 punita.
1216 4359 1339 4438 Libris
1362 4361 1511 4460 singtilis
1527 4361 1697 4461 praemisse
1813 4415 1816 4423 ι

90 4459 165 4535 lunt
183 4458 284 4536 tituli
307 4457 480 4554 capitum.
546 4455 666 4532 Poliet
691 4469 812 4534 totum
844 4479 938 4554 opus
961 4460 1155 4538 commode
1175 4458 1215 4536 in
1239 4459 1313 4535 duo
1337 4459 1526 4536 volumina
1557 4459 1697 4538 dividi‘

24 4621 25 4632 .
90 4581 238 4656 qnorum
262 4555 364 4653 prius
390 4559 548 4652 quatuor
578 4556 739 4654 priores,
768 4551 947 4654 posteriue
975 4569 1132 4658 quatuor
1155 4555 1373 4658 posteriores
1396 4557 1510 4637 libros
1537 4559 1700 4657 comple.

24 4635 26 4774 l
131 4649 497 4754 scaranensem
892 4653 928 4736 u
1442 4714 1450 4734 .
1538 4656 1685 4736 aere-⁸

25 4781 27 4836 ‚
403 4821 408 4833 ἡ
460 4826 465 4833 Ι
780 4833 783 4841 y
890 4775 893 4784 .

25 4839 47 5006 l
