<?xml version="1.0" encoding="UTF-8"?>
<!DOCTYPE html PUBLIC "-//W3C//DTD XHTML 1.0 Transitional//EN"
    "http://www.w3.org/TR/xhtml1/DTD/xhtml1-transitional.dtd">
<html xmlns="http://www.w3.org/1999/xhtml" xml:lang="en" lang="en">
 <head>
  <title>
</title>
<meta http-equiv="Content-Type" content="text/html;charset=utf-8" />
  <meta name='ocr-system' content='tesseract 3.04.00' />
  <meta name='ocr-capabilities' content='ocr_page ocr_carea ocr_par ocr_line ocrx_word'/>
</head>
<body>
  <div class='ocr_page' id='page_1' title='image "./bibliothecacade01seemgoog_0361.png"; bbox 0 0 3832 5030; ppageno 0'>
   <div class='ocr_carea' id='block_1_1' title="bbox 53 420 1769 1490">
    <p class='ocr_par' dir='ltr' id='par_1_1' title="bbox 53 420 1769 1490">
     <span class='ocr_line' id='line_1_1' title="bbox 109 420 1769 532; baseline 0.003 -26"><span class='ocrx_word' id='word_1_1' title='bbox 109 447 216 523; x_wconf 88' lang='lat' dir='ltr'>tur,</span> <span class='ocrx_word' id='word_1_2' title='bbox 241 451 352 532; x_wconf 83' lang='lat' dir='ltr'>quarn</span> <span class='ocrx_word' id='word_1_3' title='bbox 370 420 517 508; x_wconf 71' lang='lat' dir='ltr'>sunam</span> <span class='ocrx_word' id='word_1_4' title='bbox 536 432 740 531; x_wconf 70' lang='lat' dir='ltr'>exemplari</span> <span class='ocrx_word' id='word_1_5' title='bbox 766 431 811 508; x_wconf 89' lang='grc' dir='ltr'>Β.</span> <span class='ocrx_word' id='word_1_6' title='bbox 875 431 939 508; x_wconf 87' lang='lat' dir='ltr'>Sic</span> <span class='ocrx_word' id='word_1_7' title='bbox 966 434 1005 507; x_wconf 86' lang='lat' dir='ltr'>in</span> <span class='ocrx_word' id='word_1_8' title='bbox 1021 432 1180 532; x_wconf 78' lang='lat' dir='ltr'><strong>exempl.</strong></span> <span class='ocrx_word' id='word_1_9' title='bbox 1203 430 1247 510; x_wconf 68' lang='lat' dir='ltr'>‘A</span> <span class='ocrx_word' id='word_1_10' title='bbox 1264 427 1507 532; x_wconf 77' lang='lat' dir='ltr'>prima&#39;linea</span> <span class='ocrx_word' id='word_1_11' title='bbox 1540 434 1649 532; x_wconf 87' lang='lat' dir='ltr'>primi</span> <span class='ocrx_word' id='word_1_12' title='bbox 1683 433 1769 511; x_wconf 87' lang='lat' dir='ltr'>solii</span> 
     </span>
     <span class='ocr_line' id='line_1_2' title="bbox 53 521 1769 646; baseline 0 -36"><span class='ocrx_word' id='word_1_13' title='bbox 53 591 55 597; x_wconf 46' lang='lat'><em>2</em></span> <span class='ocrx_word' id='word_1_14' title='bbox 136 533 255 610; x_wconf 73' lang='lat' dir='ltr'>aversa</span> <span class='ocrx_word' id='word_1_15' title='bbox 277 531 461 608; x_wconf 87' lang='lat' dir='ltr'>clauditur</span> <span class='ocrx_word' id='word_1_16' title='bbox 485 553 577 604; x_wconf 88' lang='lat' dir='ltr'>voce</span> <span class='ocrx_word' id='word_1_17' title='bbox 591 529 804 632; x_wconf 82' lang='lat' dir='ltr'>sumi(src)</span> <span class='ocrx_word' id='word_1_18' title='bbox 833 531 872 606; x_wconf 90' lang='lat' dir='ltr'>in</span> <span class='ocrx_word' id='word_1_19' title='bbox 896 531 1066 629; x_wconf 88' lang='lat' dir='ltr'>exempla</span> <span class='ocrx_word' id='word_1_20' title='bbox 1087 532 1120 606; x_wconf 92' lang='lat' dir='ltr'>B</span> <span class='ocrx_word' id='word_1_21' title='bbox 1147 531 1285 646; x_wconf 79' lang='lat' dir='ltr'>syllaba</span> <span class='ocrx_word' id='word_1_22' title='bbox 1307 531 1475 632; x_wconf 80' lang='lat' dir='ltr'>ejusdem</span> <span class='ocrx_word' id='word_1_23' title='bbox 1506 521 1610 608; x_wconf 84' lang='lat' dir='ltr'>vbcis</span> <span class='ocrx_word' id='word_1_24' title='bbox 1632 528 1769 610; x_wconf 83' lang='lat' dir='ltr'>ultima</span> 
     </span>
     <span class='ocr_line' id='line_1_3' title="bbox 137 625 1768 727; baseline -0.001 -19"><span class='ocrx_word' id='word_1_25' title='bbox 137 633 185 708; x_wconf 84' lang='lat' dir='ltr'>mi</span> <span class='ocrx_word' id='word_1_26' title='bbox 208 629 403 708; x_wconf 84' lang='lat' dir='ltr'>secundum</span> <span class='ocrx_word' id='word_1_27' title='bbox 422 627 559 703; x_wconf 88' lang='lat' dir='ltr'>lineam</span> <span class='ocrx_word' id='word_1_28' title='bbox 582 630 742 706; x_wconf 84' lang='lat' dir='ltr'>inchoat.</span> <span class='ocrx_word' id='word_1_29' title='bbox 796 629 838 705; x_wconf 93' lang='lat' dir='ltr'>In</span> <span class='ocrx_word' id='word_1_30' title='bbox 863 629 1067 725; x_wconf 86' lang='lat' dir='ltr'>exemplari</span> <span class='ocrx_word' id='word_1_31' title='bbox 1086 625 1122 704; x_wconf 84' lang='lat' dir='ltr'><strong>A</strong></span> <span class='ocrx_word' id='word_1_32' title='bbox 1145 631 1244 708; x_wconf 89' lang='lat' dir='ltr'>hnea</span> <span class='ocrx_word' id='word_1_33' title='bbox 1259 630 1443 727; x_wconf 81' lang='lat' dir='ltr'>trigenma</span> <span class='ocrx_word' id='word_1_34' title='bbox 1463 642 1594 726; x_wconf 88' lang='lat' dir='ltr'>quarta</span> <span class='ocrx_word' id='word_1_35' title='bbox 1618 631 1768 726; x_wconf 82' lang='lat' dir='ltr'>paginae</span> 
     </span>
     <span class='ocr_line' id='line_1_4' title="bbox 165 725 1766 826; baseline 0 -22"><span class='ocrx_word' id='word_1_36' title='bbox 165 730 271 806; x_wconf 84' lang='lat' dir='ltr'>rimae</span> <span class='ocrx_word' id='word_1_37' title='bbox 291 725 374 804; x_wconf 91' lang='lat' dir='ltr'>solii</span> <span class='ocrx_word' id='word_1_38' title='bbox 402 751 470 820; x_wconf 77' lang='lat'>130</span> <span class='ocrx_word' id='word_1_39' title='bbox 500 725 683 804; x_wconf 82' lang='lat' dir='ltr'><strong>clauditur</strong></span> <span class='ocrx_word' id='word_1_40' title='bbox 706 727 766 804; x_wconf 88' lang='lat' dir='ltr'>his</span> <span class='ocrx_word' id='word_1_41' title='bbox 787 727 910 803; x_wconf 84' lang='lat' dir='ltr'>uerbis</span> <span class='ocrx_word' id='word_1_42' title='bbox 934 725 1092 824; x_wconf 76' lang='lat' dir='ltr'>Explicit</span> <span class='ocrx_word' id='word_1_43' title='bbox 1113 726 1193 826; x_wconf 71' lang='lat' dir='ltr'>plna</span> <span class='ocrx_word' id='word_1_44' title='bbox 1210 753 1316 826; x_wconf 79' lang='lat' dir='ltr'>porr:</span> <span class='ocrx_word' id='word_1_45' title='bbox 1336 729 1375 804; x_wconf 89' lang='lat' dir='ltr'>in</span> <span class='ocrx_word' id='word_1_46' title='bbox 1400 753 1508 804; x_wconf 83' lang='lat' dir='ltr'>exem</span> <span class='ocrx_word' id='word_1_47' title='bbox 1535 728 1603 803; x_wconf 87' lang='lat' dir='ltr'>lari</span> <span class='ocrx_word' id='word_1_48' title='bbox 1625 728 1658 802; x_wconf 91' lang='lat' dir='ltr'>B</span> <span class='ocrx_word' id='word_1_49' title='bbox 1684 729 1766 804; x_wconf 74' lang='lat' dir='ltr'>hist</span> 
     </span>
     <span class='ocr_line' id='line_1_5' title="bbox 138 751 1769 925; baseline -0.002 -22"><span class='ocrx_word' id='word_1_50' title='bbox 138 751 302 925; x_wconf 41' lang='lat' dir='ltr'>&amp;eplicit</span> <span class='ocrx_word' id='word_1_51' title='bbox 321 821 422 923; x_wconf 73' lang='lat' dir='ltr'>prou,</span> <span class='ocrx_word' id='word_1_52' title='bbox 450 823 504 898; x_wconf 89' lang='lat' dir='ltr'>ita</span> <span class='ocrx_word' id='word_1_53' title='bbox 528 837 571 900; x_wconf 89' lang='lat' dir='ltr'>ut</span> <span class='ocrx_word' id='word_1_54' title='bbox 592 849 667 903; x_wconf 86' lang='lat' dir='ltr'>vox</span> <span class='ocrx_word' id='word_1_55' title='bbox 694 847 798 923; x_wconf 84' lang='lat' dir='ltr'>pars,</span> <span class='ocrx_word' id='word_1_56' title='bbox 832 842 948 920; x_wconf 89' lang='lat' dir='ltr'>eaque</span> <span class='ocrx_word' id='word_1_57' title='bbox 972 824 1043 899; x_wconf 89' lang='lat' dir='ltr'>sola</span> <span class='ocrx_word' id='word_1_58' title='bbox 1073 825 1210 901; x_wconf 86' lang='lat' dir='ltr'>lineam</span> <span class='ocrx_word' id='word_1_59' title='bbox 1229 839 1386 924; x_wconf 82' lang='lat' dir='ltr'>occupet</span> <span class='ocrx_word' id='word_1_60' title='bbox 1408 753 1633 922; x_wconf 64' lang='lat' dir='ltr'>trigesimam</span> <span class='ocrx_word' id='word_1_61' title='bbox 1658 825 1769 921; x_wconf 86' lang='lat' dir='ltr'>quin·</span> 
     </span>
     <span class='ocr_line' id='line_1_6' title="bbox 139 920 1768 1022; baseline -0.002 -18"><span class='ocrx_word' id='word_1_62' title='bbox 139 937 231 1004; x_wconf 55' lang='lat' dir='ltr'>urna</span> <span class='ocrx_word' id='word_1_63' title='bbox 274 922 395 1012; x_wconf 84' lang='lat' dir='ltr'>Linea</span> <span class='ocrx_word' id='word_1_64' title='bbox 422 920 633 1018; x_wconf 76' lang='lat' dir='ltr'>penultima·</span> <span class='ocrx_word' id='word_1_65' title='bbox 654 921 791 999; x_wconf 88' lang='lat' dir='ltr'>aversae</span> <span class='ocrx_word' id='word_1_66' title='bbox 811 921 933 998; x_wconf 86' lang='lat' dir='ltr'>ultimi</span> <span class='ocrx_word' id='word_1_67' title='bbox 957 923 1038 997; x_wconf 92' lang='lat' dir='ltr'>solli</span> <span class='ocrx_word' id='word_1_68' title='bbox 1070 925 1216 1022; x_wconf 80' lang='lat' dir='ltr'>paginae</span> <span class='ocrx_word' id='word_1_69' title='bbox 1239 923 1277 1000; x_wconf 90' lang='lat' dir='ltr'>ln</span> <span class='ocrx_word' id='word_1_70' title='bbox 1300 923 1556 1021; x_wconf 85' lang='lat' dir='ltr'>exemplariA</span> <span class='ocrx_word' id='word_1_71' title='bbox 1578 923 1768 1000; x_wconf 84' lang='lat' dir='ltr'><strong>clauditur</strong></span> 
     </span>
     <span class='ocr_line' id='line_1_7' title="bbox 140 1015 1767 1118; baseline -0.002 -20"><span class='ocrx_word' id='word_1_72' title='bbox 140 1024 201 1098; x_wconf 89' lang='lat' dir='ltr'>his</span> <span class='ocrx_word' id='word_1_73' title='bbox 226 1020 367 1097; x_wconf 81' lang='lat' dir='ltr'>verbis:</span> <span class='ocrx_word' id='word_1_74' title='bbox 412 1018 467 1093; x_wconf 82' lang='lat' dir='ltr'>cui</span> <span class='ocrx_word' id='word_1_75' title='bbox 488 1015 594 1103; x_wconf 80' lang='lat' dir='ltr'>bonor</span> <span class='ocrx_word' id='word_1_76' title='bbox 619 1019 660 1099; x_wconf 72' lang='lat' dir='ltr'>ds</span> <span class='ocrx_word' id='word_1_77' title='bbox 708 1020 796 1095; x_wconf 81' lang='lat' dir='ltr'>sorio</span> <span class='ocrx_word' id='word_1_78' title='bbox 815 1027 850 1106; x_wconf 81' lang='grc' dir='ltr'>ῑ,</span> <span class='ocrx_word' id='word_1_79' title='bbox 886 1021 926 1096; x_wconf 89' lang='lat' dir='ltr'>in</span> <span class='ocrx_word' id='word_1_80' title='bbox 947 1020 1150 1118; x_wconf 85' lang='lat' dir='ltr'>exemplari</span> <span class='ocrx_word' id='word_1_81' title='bbox 1171 1045 1261 1098; x_wconf 89' lang='lat' dir='ltr'>vero</span> <span class='ocrx_word' id='word_1_82' title='bbox 1281 1021 1315 1097; x_wconf 88' lang='lat' dir='ltr'>B</span> <span class='ocrx_word' id='word_1_83' title='bbox 1340 1019 1551 1118; x_wconf 71' lang='lat' dir='ltr'>syllabam</span> <span class='ocrx_word' id='word_1_84' title='bbox 1576 1021 1682 1096; x_wconf 84' lang='lat' dir='ltr'>vocis</span> <span class='ocrx_word' id='word_1_85' title='bbox 1704 1018 1767 1095; x_wconf 82' lang='lat' dir='ltr'>ho·</span> 
     </span>
     <span class='ocr_line' id='line_1_8' title="bbox 141 1047 1768 1228; baseline -0.001 -33"><span class='ocrx_word' id='word_1_86' title='bbox 141 1143 215 1195; x_wconf 88' lang='lat' dir='ltr'>nor.</span> <span class='ocrx_word' id='word_1_87' title='bbox 273 1117 368 1210; x_wconf 84' lang='lat' dir='ltr'>Puto</span> <span class='ocrx_word' id='word_1_88' title='bbox 385 1116 480 1228; x_wconf 64' lang='lat' dir='ltr'>ditia</span> <span class='ocrx_word' id='word_1_89' title='bbox 494 1117 668 1196; x_wconf 76' lang='lat' dir='ltr'>haetenus</span> <span class='ocrx_word' id='word_1_90' title='bbox 682 1047 843 1194; x_wconf 66' lang='lat' dir='ltr'>lufficere</span> <span class='ocrx_word' id='word_1_91' title='bbox 858 1117 1170 1216; x_wconf 87' lang='lat' dir='ltr'>adprobandum,</span> <span class='ocrx_word' id='word_1_92' title='bbox 1196 1119 1296 1201; x_wconf 85' lang='lat' dir='ltr'>duas·</span> <span class='ocrx_word' id='word_1_93' title='bbox 1310 1119 1464 1196; x_wconf 86' lang='lat' dir='ltr'>existere</span> <span class='ocrx_word' id='word_1_94' title='bbox 1483 1117 1643 1194; x_wconf 81' lang='lat' dir='ltr'>diuersas</span> <span class='ocrx_word' id='word_1_95' title='bbox 1664 1116 1768 1214; x_wconf 82' lang='lat' dir='ltr'>ejus·</span> 
     </span>
     <span class='ocr_line' id='line_1_9' title="bbox 142 1214 1763 1315; baseline 0.001 -23"><span class='ocrx_word' id='word_1_96' title='bbox 142 1219 228 1294; x_wconf 89' lang='lat' dir='ltr'>dem</span> <span class='ocrx_word' id='word_1_97' title='bbox 251 1216 374 1312; x_wconf 89' lang='lat' dir='ltr'>operis</span> <span class='ocrx_word' id='word_1_98' title='bbox 392 1215 576 1296; x_wconf 76' lang='lat' dir='ltr'>editiones</span> <span class='ocrx_word' id='word_1_99' title='bbox 595 1231 683 1294; x_wconf 89' lang='lat' dir='ltr'>nota</span> <span class='ocrx_word' id='word_1_100' title='bbox 696 1216 803 1302; x_wconf 83' lang='lat' dir='ltr'>anni,</span> <span class='ocrx_word' id='word_1_101' title='bbox 826 1214 918 1304; x_wconf 90' lang='lat' dir='ltr'>loci,</span> <span class='ocrx_word' id='word_1_102' title='bbox 946 1217 1395 1315; x_wconf 82' lang='lat' dir='ltr'>typographi-destitutas,</span> <span class='ocrx_word' id='word_1_103' title='bbox 1426 1239 1509 1313; x_wconf 87' lang='lat' dir='ltr'>quae</span> <span class='ocrx_word' id='word_1_104' title='bbox 1531 1231 1658 1292; x_wconf 88' lang='lat' dir='ltr'>tamen</span> <span class='ocrx_word' id='word_1_105' title='bbox 1681 1239 1763 1293; x_wconf 90' lang='lat' dir='ltr'>am·</span> 
     </span>
     <span class='ocr_line' id='line_1_10' title="bbox 115 1312 1766 1488; baseline -0.001 -96"><span class='ocrx_word' id='word_1_106' title='bbox 115 1316 200 1488; x_wconf 57' lang='grc' dir='ltr'>ΙΙέεε</span> <span class='ocrx_word' id='word_1_107' title='bbox 223 1337 271 1390; x_wconf 87' lang='lat' dir='ltr'>ex</span> <span class='ocrx_word' id='word_1_108' title='bbox 297 1312 543 1416; x_wconf 81' lang='lat' dir='ltr'>typographia</span> <span class='ocrx_word' id='word_1_109' title='bbox 577 1315 659 1420; x_wconf 85' lang='lat' dir='ltr'>Joh.</span> <span class='ocrx_word' id='word_1_110' title='bbox 695 1313 884 1401; x_wconf 84' lang='lat' dir='ltr'>Mentelii,</span> <span class='ocrx_word' id='word_1_111' title='bbox 919 1313 1018 1393; x_wconf 88' lang='lat' dir='ltr'>sorte</span> <span class='ocrx_word' id='word_1_112' title='bbox 1043 1339 1120 1393; x_wconf 89' lang='lat' dir='ltr'>non</span> <span class='ocrx_word' id='word_1_113' title='bbox 1144 1315 1210 1394; x_wconf 89' lang='lat' dir='ltr'>diu</span> <span class='ocrx_word' id='word_1_114' title='bbox 1232 1317 1350 1395; x_wconf 85' lang='lat' dir='ltr'>altera</span> <span class='ocrx_word' id='word_1_115' title='bbox 1382 1313 1460 1416; x_wconf 86' lang='lat' dir='ltr'>poll</span> <span class='ocrx_word' id='word_1_116' title='bbox 1491 1315 1647 1391; x_wconf 87' lang='lat' dir='ltr'>alteram</span> <span class='ocrx_word' id='word_1_117' title='bbox 1677 1336 1766 1413; x_wconf 84' lang='lat' dir='ltr'>pro·</span> 
     </span>
     <span class='ocr_line' id='line_1_11' title="bbox 171 1411 1752 1490; baseline 0 -1"><span class='ocrx_word' id='word_1_118' title='bbox 171 1411 295 1490; x_wconf 75' lang='lat' dir='ltr'>ierint</span> <span class='ocrx_word' id='word_1_119' title='bbox 468 1432 472 1442; x_wconf 88' lang='grc'><em>·</em></span> <span class='ocrx_word' id='word_1_120' title='bbox 889 1419 894 1428; x_wconf 93' lang='grc'>’</span> <span class='ocrx_word' id='word_1_121' title='bbox 1041 1436 1045 1442; x_wconf 78' lang='grc'><strong>’</strong></span> <span class='ocrx_word' id='word_1_122' title='bbox 1505 1437 1547 1470; x_wconf 83' lang='grc'>··</span> <span class='ocrx_word' id='word_1_123' title='bbox 1741 1419 1752 1426; x_wconf 83' lang='grc'><strong><em>’</em></strong></span> 
     </span>
    </p>
   </div>
   <div class='ocr_carea' id='block_1_2' title="bbox 143 1575 1764 1894">
    <p class='ocr_par' dir='ltr' id='par_1_2' title="bbox 143 1575 1764 1894">
     <span class='ocr_line' id='line_1_12' title="bbox 143 1575 1764 1778; baseline -0.002 -26"><span class='ocrx_word' id='word_1_124' title='bbox 143 1655 336 1758; x_wconf 83' lang='lat' dir='ltr'>cxvu.</span> <span class='ocrx_word' id='word_1_125' title='bbox 365 1653 541 1748; x_wconf 85' lang='lat' dir='ltr'>Postilla</span> <span class='ocrx_word' id='word_1_126' title='bbox 562 1655 742 1749; x_wconf 82' lang='lat' dir='ltr'>Nicol&#39;ai</span> <span class='ocrx_word' id='word_1_127' title='bbox 774 1587 833 1748; x_wconf 84' lang='lat' dir='ltr'>de&#39;</span> <span class='ocrx_word' id='word_1_128' title='bbox 859 1585 982 1774; x_wconf 63' lang='lat' dir='ltr'>hyra</span> <span class='ocrx_word' id='word_1_129' title='bbox 1004 1685 1101 1750; x_wconf 91' lang='lat' dir='ltr'>curn</span> <span class='ocrx_word' id='word_1_130' title='bbox 1126 1658 1498 1778; x_wconf 81' lang='lat' dir='ltr'>additionibus&amp;</span> <span class='ocrx_word' id='word_1_131' title='bbox 1524 1575 1764 1750; x_wconf 69' lang='lat' dir='ltr'>eorrectio-</span> 
     </span>
     <span class='ocr_line' id='line_1_13' title="bbox 259 1771 1448 1894; baseline 0.004 -33"><span class='ocrx_word' id='word_1_132' title='bbox 259 1774 389 1894; x_wconf 81' lang='lat' dir='ltr'>qibus</span> <span class='ocrx_word' id='word_1_133' title='bbox 414 1771 538 1864; x_wconf 87' lang='lat' dir='ltr'>Pauli</span> <span class='ocrx_word' id='word_1_134' title='bbox 560 1773 801 1888; x_wconf 82' lang='lat' dir='ltr'>Burgeosrs.</span> <span class='ocrx_word' id='word_1_135' title='bbox 827 1771 967 1866; x_wconf 89' lang='lat' dir='ltr'>Tomi</span> <span class='ocrx_word' id='word_1_136' title='bbox 992 1774 1078 1866; x_wconf 87' lang='lat' dir='ltr'>Ill.</span> <span class='ocrx_word' id='word_1_137' title='bbox 1106 1776 1153 1864; x_wconf 91' lang='lat' dir='ltr'>in</span> <span class='ocrx_word' id='word_1_138' title='bbox 1176 1773 1216 1866; x_wconf 83' lang='lat' dir='ltr'><strong>F</strong></span> <span class='ocrx_word' id='word_1_139' title='bbox 1220 1778 1281 1865; x_wconf 90' lang='lat' dir='ltr'>ol.</span> <span class='ocrx_word' id='word_1_140' title='bbox 1304 1799 1448 1890; x_wconf 81' lang='lat' dir='ltr'>magn.</span> 
     </span>
    </p>
   </div>
   <div class='ocr_carea' id='block_1_3' title="bbox 61 1999 1773 2689">
    <p class='ocr_par' dir='ltr' id='par_1_3' title="bbox 313 1999 1769 2104">
     <span class='ocr_line' id='line_1_14' title="bbox 313 1999 1769 2104; baseline 0.002 -26"><span class='ocrx_word' id='word_1_141' title='bbox 313 1999 453 2080; x_wconf 87' lang='lat' dir='ltr'>Tomus</span> <span class='ocrx_word' id='word_1_142' title='bbox 482 2001 511 2078; x_wconf 94' lang='grc' dir='ltr'>Ι.</span> <span class='ocrx_word' id='word_1_143' title='bbox 541 2001 804 2099; x_wconf 70' lang='lat' dir='ltr'>complectitur</span> <span class='ocrx_word' id='word_1_144' title='bbox 833 2002 1126 2082; x_wconf 78' lang='lat' dir='ltr'>pentateuchum</span> <span class='ocrx_word' id='word_1_145' title='bbox 1163 2027 1248 2080; x_wconf 89' lang='lat' dir='ltr'>curn</span> <span class='ocrx_word' id='word_1_146' title='bbox 1279 2003 1383 2082; x_wconf 85' lang='lat' dir='ltr'>libris</span> <span class='ocrx_word' id='word_1_147' title='bbox 1417 2000 1552 2104; x_wconf 85' lang='lat' dir='ltr'>Josuae,</span> <span class='ocrx_word' id='word_1_148' title='bbox 1578 2001 1769 2104; x_wconf 88' lang='lat' dir='ltr'>Judicum,</span> 
     </span>
    </p>

    <p class='ocr_par' dir='ltr' id='par_1_4' title="bbox 146 2095 1770 2396">
     <span class='ocr_line' id='line_1_15' title="bbox 146 2095 1769 2198; baseline 0.001 -22"><span class='ocrx_word' id='word_1_149' title='bbox 146 2097 270 2185; x_wconf 89' lang='lat' dir='ltr'>Ruth,</span> <span class='ocrx_word' id='word_1_150' title='bbox 298 2099 387 2196; x_wconf 46' lang='lat'>&amp;14</span> <span class='ocrx_word' id='word_1_151' title='bbox 404 2098 575 2198; x_wconf 68' lang='lat' dir='ltr'>Region:</span> <span class='ocrx_word' id='word_1_152' title='bbox 600 2100 739 2174; x_wconf 88' lang='lat' dir='ltr'>Tomos</span> <span class='ocrx_word' id='word_1_153' title='bbox 758 2101 801 2176; x_wconf 90' lang='lat' dir='ltr'>ll.</span> <span class='ocrx_word' id='word_1_154' title='bbox 832 2101 1051 2188; x_wconf 83' lang='lat' dir='ltr'>Proverbia,</span> <span class='ocrx_word' id='word_1_155' title='bbox 1087 2095 1344 2190; x_wconf 82' lang='lat' dir='ltr'>Ecclehallen,</span> <span class='ocrx_word' id='word_1_156' title='bbox 1376 2101 1572 2178; x_wconf 84' lang='lat' dir='ltr'>Canticum</span> <span class='ocrx_word' id='word_1_157' title='bbox 1593 2103 1769 2196; x_wconf 78' lang='lat' dir='ltr'>Cantico&#39;·</span> 
     </span>
     <span class='ocr_line' id='line_1_16' title="bbox 147 2195 1767 2299; baseline 0.002 -26"><span class='ocrx_word' id='word_1_158' title='bbox 147 2221 249 2284; x_wconf 89' lang='lat' dir='ltr'>rum,</span> <span class='ocrx_word' id='word_1_159' title='bbox 277 2197 534 2293; x_wconf 83' lang='lat' dir='ltr'>Sapientiam,</span> <span class='ocrx_word' id='word_1_160' title='bbox 555 2195 855 2272; x_wconf 77' lang='lat' dir='ltr'>Ecclesiasticum</span> <span class='ocrx_word' id='word_1_161' title='bbox 908 2199 1053 2296; x_wconf 88' lang='lat' dir='ltr'>Insuper</span> <span class='ocrx_word' id='word_1_162' title='bbox 1064 2224 1153 2276; x_wconf 87' lang='lat' dir='ltr'>veto</span> <span class='ocrx_word' id='word_1_163' title='bbox 1172 2201 1374 2297; x_wconf 81' lang='lat' dir='ltr'>Prophetas</span> <span class='ocrx_word' id='word_1_164' title='bbox 1389 2199 1534 2287; x_wconf 81' lang='lat' dir='ltr'>isaiam,</span> <span class='ocrx_word' id='word_1_165' title='bbox 1559 2199 1767 2299; x_wconf 84' lang='lat' dir='ltr'>Jeremiam,</span> 
     </span>
     <span class='ocr_line' id='line_1_17' title="bbox 148 2291 1770 2396; baseline 0.003 -25"><span class='ocrx_word' id='word_1_166' title='bbox 148 2294 262 2396; x_wconf 90' lang='lat' dir='ltr'>(cum</span> <span class='ocrx_word' id='word_1_167' title='bbox 285 2295 462 2390; x_wconf 71' lang='lat' dir='ltr'>sbrenis,</span> <span class='ocrx_word' id='word_1_168' title='bbox 492 2295 531 2372; x_wconf 80' lang='lat' dir='ltr'>dr</span> <span class='ocrx_word' id='word_1_169' title='bbox 551 2291 728 2394; x_wconf 90' lang='lat' dir='ltr'>Baruch)</span> <span class='ocrx_word' id='word_1_170' title='bbox 762 2291 1017 2383; x_wconf 85' lang='lat' dir='ltr'>Ezechielem,</span> <span class='ocrx_word' id='word_1_171' title='bbox 1054 2297 1265 2385; x_wconf 85' lang='lat' dir='ltr'>Danielem,</span> <span class='ocrx_word' id='word_1_172' title='bbox 1286 2299 1488 2374; x_wconf 80' lang='lat' dir='ltr'>¹duodecim</span> <span class='ocrx_word' id='word_1_173' title='bbox 1510 2298 1694 2384; x_wconf 87' lang='lat' dir='ltr'>minores,</span> <span class='ocrx_word' id='word_1_174' title='bbox 1728 2299 1770 2376; x_wconf 81' lang='lat' dir='ltr'>dt</span> 
     </span>
    </p>

    <p class='ocr_par' dir='ltr' id='par_1_5' title="bbox 61 2387 1773 2689">
     <span class='ocr_line' id='line_1_18' title="bbox 61 2387 1770 2484; baseline 0.001 -13"><span class='ocrx_word' id='word_1_175' title='bbox 61 2477 65 2484; x_wconf 63' lang='grc'>,</span> <span class='ocrx_word' id='word_1_176' title='bbox 150 2393 494 2471; x_wconf 76' lang='lat' dir='ltr'>zulachabaeorum</span> <span class='ocrx_word' id='word_1_177' title='bbox 518 2390 662 2478; x_wconf 88' lang='lat' dir='ltr'>Libros.</span> <span class='ocrx_word' id='word_1_178' title='bbox 714 2387 894 2468; x_wconf 82' lang='lat' dir='ltr'>Attamen</span> <span class='ocrx_word' id='word_1_179' title='bbox 923 2394 960 2470; x_wconf 94' lang='lat' dir='ltr'>hi</span> <span class='ocrx_word' id='word_1_180' title='bbox 1012 2392 1285 2472; x_wconf 88' lang='lat' dir='ltr'>uidemlibria</span> <span class='ocrx_word' id='word_1_181' title='bbox 1333 2395 1601 2472; x_wconf 85' lang='lat' dir='ltr'>raecedentibus</span> <span class='ocrx_word' id='word_1_182' title='bbox 1626 2394 1661 2471; x_wconf 90' lang='lat' dir='ltr'>se</span> <span class='ocrx_word' id='word_1_183' title='bbox 1686 2418 1770 2472; x_wconf 84' lang='lat' dir='ltr'>ara·</span> 
     </span>
     <span class='ocr_line' id='line_1_19' title="bbox 148 2417 1773 2604; baseline 0.001 -36"><span class='ocrx_word' id='word_1_184' title='bbox 148 2491 202 2578; x_wconf 91' lang='lat' dir='ltr'>ri,</span> <span class='ocrx_word' id='word_1_185' title='bbox 216 2490 268 2568; x_wconf 81' lang='lat' dir='ltr'>dt</span> <span class='ocrx_word' id='word_1_186' title='bbox 291 2489 432 2576; x_wconf 85' lang='lat' dir='ltr'>seorsrm</span> <span class='ocrx_word' id='word_1_187' title='bbox 459 2489 585 2566; x_wconf 87' lang='lat' dir='ltr'>haberi</span> <span class='ocrx_word' id='word_1_188' title='bbox 602 2487 760 2604; x_wconf 78' lang='lat' dir='ltr'>poliunt</span> <span class='ocrx_word' id='word_1_189' title='bbox 815 2490 954 2566; x_wconf 75' lang='lat' dir='ltr'>somus</span> <span class='ocrx_word' id='word_1_190' title='bbox 970 2417 1030 2569; x_wconf 68' lang='lat' dir='ltr'>lli.</span> <span class='ocrx_word' id='word_1_191' title='bbox 1054 2506 1176 2570; x_wconf 90' lang='lat' dir='ltr'>totum</span> <span class='ocrx_word' id='word_1_192' title='bbox 1200 2419 1453 2591; x_wconf 59' lang='lat' dir='ltr'>complectitur</span> <span class='ocrx_word' id='word_1_193' title='bbox 1473 2492 1636 2571; x_wconf 89' lang='lat' dir='ltr'>Novum</span> <span class='ocrx_word' id='word_1_194' title='bbox 1669 2494 1773 2592; x_wconf 42' lang='lat' dir='ltr'>resta·</span> 
     </span>
     <span class='ocr_line' id='line_1_20' title="bbox 147 2587 1773 2689; baseline 0.001 -23"><span class='ocrx_word' id='word_1_195' title='bbox 147 2602 328 2666; x_wconf 88' lang='lat' dir='ltr'>mentum.</span> <span class='ocrx_word' id='word_1_196' title='bbox 380 2587 464 2666; x_wconf 90' lang='lat' dir='ltr'>Non</span> <span class='ocrx_word' id='word_1_197' title='bbox 488 2587 538 2663; x_wconf 92' lang='lat' dir='ltr'>est</span> <span class='ocrx_word' id='word_1_198' title='bbox 562 2593 676 2684; x_wconf 78' lang='lat' dir='ltr'>igitur</span> <span class='ocrx_word' id='word_1_199' title='bbox 699 2589 886 2684; x_wconf 85' lang='lat' dir='ltr'>integrum</span> <span class='ocrx_word' id='word_1_200' title='bbox 911 2591 1010 2688; x_wconf 88' lang='lat' dir='ltr'>apud</span> <span class='ocrx_word' id='word_1_201' title='bbox 1032 2614 1100 2666; x_wconf 90' lang='lat' dir='ltr'>nos</span> <span class='ocrx_word' id='word_1_202' title='bbox 1128 2590 1238 2689; x_wconf 87' lang='lat' dir='ltr'>hujus</span> <span class='ocrx_word' id='word_1_203' title='bbox 1264 2592 1439 2668; x_wconf 87' lang='lat' dir='ltr'>editionis</span> <span class='ocrx_word' id='word_1_204' title='bbox 1464 2591 1677 2688; x_wconf 81' lang='lat' dir='ltr'>exemplar,</span> <span class='ocrx_word' id='word_1_205' title='bbox 1711 2606 1773 2668; x_wconf 87' lang='lat' dir='ltr'>ut·</span> 
     </span>
    </p>
   </div>
   <div class='ocr_carea' id='block_1_4' title="bbox 150 2685 1767 2882">
    <p class='ocr_par' dir='ltr' id='par_1_6' title="bbox 150 2685 1767 2882">
     <span class='ocr_line' id='line_1_21' title="bbox 150 2685 1767 2882; baseline 0.004 -122"><span class='ocrx_word' id='word_1_206' title='bbox 150 2700 250 2862; x_wconf 52' lang='lat' dir='ltr'>Rotar</span> <span class='ocrx_word' id='word_1_207' title='bbox 263 2687 303 2761; x_wconf 89' lang='lat' dir='ltr'>in</span> <span class='ocrx_word' id='word_1_208' title='bbox 322 2708 395 2882; x_wconf 72' lang='lat' dir='ltr'>quo</span> <span class='ocrx_word' id='word_1_209' title='bbox 418 2685 545 2762; x_wconf 84' lang='lat' dir='ltr'>desunt</span> <span class='ocrx_word' id='word_1_210' title='bbox 561 2685 645 2761; x_wconf 90' lang='lat' dir='ltr'>libri</span> <span class='ocrx_word' id='word_1_211' title='bbox 660 2687 733 2762; x_wconf 92' lang='lat' dir='ltr'>duo</span> <span class='ocrx_word' id='word_1_212' title='bbox 749 2687 1098 2785; x_wconf 75' lang='lat' dir='ltr'>paralippomenon,</span> <span class='ocrx_word' id='word_1_213' title='bbox 1126 2715 1147 2767; x_wconf 84' lang='lat'>2</span> <span class='ocrx_word' id='word_1_214' title='bbox 1169 2689 1254 2765; x_wconf 90' lang='lat' dir='ltr'>libri</span> <span class='ocrx_word' id='word_1_215' title='bbox 1267 2689 1421 2776; x_wconf 84' lang='lat' dir='ltr'>Esdrae,</span> <span class='ocrx_word' id='word_1_216' title='bbox 1448 2689 1602 2776; x_wconf 89' lang='lat' dir='ltr'>Tobias,</span> <span class='ocrx_word' id='word_1_217' title='bbox 1627 2689 1767 2788; x_wconf 85' lang='lat' dir='ltr'>Judith,</span> 
     </span>
    </p>
   </div>
   <div class='ocr_carea' id='block_1_5' title="bbox 112 2782 1795 4725">
    <p class='ocr_par' dir='ltr' id='par_1_7' title="bbox 151 2782 1795 4159">
     <span class='ocr_line' id='line_1_22' title="bbox 186 2782 1772 2885; baseline 0.003 -25"><span class='ocrx_word' id='word_1_218' title='bbox 186 2783 298 2869; x_wconf 87' lang='lat' dir='ltr'>sther,</span> <span class='ocrx_word' id='word_1_219' title='bbox 348 2784 415 2867; x_wconf 93' lang='lat' dir='ltr'>ob,</span> <span class='ocrx_word' id='word_1_220' title='bbox 441 2782 482 2860; x_wconf 81' lang='lat' dir='ltr'>dc</span> <span class='ocrx_word' id='word_1_221' title='bbox 511 2782 737 2859; x_wconf 80' lang='lat' dir='ltr'>Phlmiuno</span> <span class='ocrx_word' id='word_1_222' title='bbox 766 2784 886 2859; x_wconf 88' lang='lat' dir='ltr'>forsan</span> <span class='ocrx_word' id='word_1_223' title='bbox 919 2785 1107 2862; x_wconf 90' lang='lat' dir='ltr'>volumine</span> <span class='ocrx_word' id='word_1_224' title='bbox 1141 2784 1400 2884; x_wconf 86' lang='lat' dir='ltr'>comprehensi.</span> <span class='ocrx_word' id='word_1_225' title='bbox 1449 2786 1493 2862; x_wconf 93' lang='lat' dir='ltr'>Id</span> <span class='ocrx_word' id='word_1_226' title='bbox 1516 2787 1772 2885; x_wconf 84' lang='lat' dir='ltr'>maximopere</span> 
     </span>
     <span class='ocr_line' id='line_1_23' title="bbox 151 2879 1772 2985; baseline 0.002 -27"><span class='ocrx_word' id='word_1_227' title='bbox 151 2881 353 2958; x_wconf 89' lang='lat' dir='ltr'>dolendum·</span> <span class='ocrx_word' id='word_1_228' title='bbox 370 2879 439 2966; x_wconf 85' lang='lat' dir='ltr'>cll,</span> <span class='ocrx_word' id='word_1_229' title='bbox 468 2903 553 2959; x_wconf 88' lang='lat' dir='ltr'>cum</span> <span class='ocrx_word' id='word_1_230' title='bbox 573 2881 688 2966; x_wconf 88' lang='lat' dir='ltr'>editio</span> <span class='ocrx_word' id='word_1_231' title='bbox 710 2880 849 2957; x_wconf 85' lang='lat' dir='ltr'>haecsrt</span> <span class='ocrx_word' id='word_1_232' title='bbox 864 2883 1124 2981; x_wconf 78' lang='lat' dir='ltr'>antiquissime,</span> <span class='ocrx_word' id='word_1_233' title='bbox 1151 2883 1249 2961; x_wconf 85' lang='lat' dir='ltr'>forte</span> <span class='ocrx_word' id='word_1_234' title='bbox 1271 2887 1436 2962; x_wconf 88' lang='lat' dir='ltr'>omnium</span> <span class='ocrx_word' id='word_1_235' title='bbox 1461 2885 1609 2982; x_wconf 77' lang='lat' dir='ltr'>prima,</span> <span class='ocrx_word' id='word_1_236' title='bbox 1625 2886 1664 2962; x_wconf 82' lang='lat' dir='ltr'>dr</span> <span class='ocrx_word' id='word_1_237' title='bbox 1685 2909 1772 2985; x_wconf 88' lang='lat' dir='ltr'>pro·</span> 
     </span>
     <span class='ocr_line' id='line_1_24' title="bbox 152 2976 1773 3082; baseline 0.002 -26"><span class='ocrx_word' id='word_1_238' title='bbox 152 2976 365 3059; x_wconf 82' lang='lat' dir='ltr'>nabihffime</span> <span class='ocrx_word' id='word_1_239' title='bbox 389 2977 725 3077; x_wconf 85' lang='lat' dir='ltr'>aJoh.lldentelllo.</span> <span class='ocrx_word' id='word_1_240' title='bbox 739 2992 836 3057; x_wconf 85' lang='lat' dir='ltr'>ante·</span> <span class='ocrx_word' id='word_1_241' title='bbox 856 3005 994 3056; x_wconf 83' lang='lat' dir='ltr'>annum</span> <span class='ocrx_word' id='word_1_242' title='bbox 1029 3007 1118 3082; x_wconf 80' lang='lat'>1471</span> <span class='ocrx_word' id='word_1_243' title='bbox 1154 2982 1297 3059; x_wconf 87' lang='lat' dir='ltr'>excusa.</span> <span class='ocrx_word' id='word_1_244' title='bbox 1358 2983 1513 3058; x_wconf 89' lang='lat' dir='ltr'>Litteris</span> <span class='ocrx_word' id='word_1_245' title='bbox 1536 2985 1672 3080; x_wconf 87' lang='lat' dir='ltr'>quippe</span> <span class='ocrx_word' id='word_1_246' title='bbox 1699 2983 1773 3060; x_wconf 82' lang='lat' dir='ltr'>ltn-</span> 
     </span>
     <span class='ocr_line' id='line_1_25' title="bbox 151 3075 1772 3196; baseline 0.002 -42"><span class='ocrx_word' id='word_1_247' title='bbox 151 3076 266 3176; x_wconf 86' lang='lat' dir='ltr'>pressa</span> <span class='ocrx_word' id='word_1_248' title='bbox 298 3076 360 3156; x_wconf 60' lang='lat' dir='ltr'>eil,</span> <span class='ocrx_word' id='word_1_249' title='bbox 381 3076 552 3162; x_wconf 88' lang='lat' dir='ltr'>rudibus,</span> <span class='ocrx_word' id='word_1_250' title='bbox 580 3075 750 3190; x_wconf 81' lang='lat' dir='ltr'>sculptis,</span> <span class='ocrx_word' id='word_1_251' title='bbox 778 3099 855 3154; x_wconf 88' lang='lat' dir='ltr'>non</span> <span class='ocrx_word' id='word_1_252' title='bbox 873 3077 978 3195; x_wconf 74' lang='lat' dir='ltr'>susas,</span> <span class='ocrx_word' id='word_1_253' title='bbox 993 3078 1045 3196; x_wconf 30' lang='lat'>0&amp;</span> <span class='ocrx_word' id='word_1_254' title='bbox 1073 3097 1203 3194; x_wconf 82' lang='lat' dir='ltr'>parurn</span> <span class='ocrx_word' id='word_1_255' title='bbox 1227 3080 1315 3196; x_wconf 72' lang='lat' dir='ltr'>scire</span> <span class='ocrx_word' id='word_1_256' title='bbox 1335 3081 1374 3156; x_wconf 91' lang='lat' dir='ltr'>in</span> <span class='ocrx_word' id='word_1_257' title='bbox 1397 3103 1524 3194; x_wconf 77' lang='lat' dir='ltr'>uoces¹</span> <span class='ocrx_word' id='word_1_258' title='bbox 1541 3080 1772 3178; x_wconf 73' lang='lat' dir='ltr'>compositis,</span> 
     </span>
     <span class='ocr_line' id='line_1_26' title="bbox 152 3174 1795 3372; baseline 0.004 -22"><span class='ocrx_word' id='word_1_259' title='bbox 152 3174 1795 3372; x_wconf 58' lang='lat' dir='ltr'>tannrsntnnnulittintasssrnlnttsnnntnt-</span> 
     </span>
     <span class='ocr_line' id='line_1_27' title="bbox 155 3368 1769 3473; baseline 0.004 -25"><span class='ocrx_word' id='word_1_260' title='bbox 155 3372 344 3464; x_wconf 72' lang='lat' dir='ltr'>litrtonstps</span> <span class='ocrx_word' id='word_1_261' title='bbox 360 3368 742 3460; x_wconf 69' lang='lat' dir='ltr'>rarotomutomorno</span> <span class='ocrx_word' id='word_1_262' title='bbox 781 3369 858 3448; x_wconf 81' lang='lat' dir='ltr'>aller</span> <span class='ocrx_word' id='word_1_263' title='bbox 873 3378 921 3449; x_wconf 76' lang='lat' dir='ltr'>hle</span> <span class='ocrx_word' id='word_1_264' title='bbox 937 3395 1003 3470; x_wconf 73' lang='lat' dir='ltr'>proc</span> <span class='ocrx_word' id='word_1_265' title='bbox 1018 3377 1200 3470; x_wconf 79' lang='lat' dir='ltr'>ollndlnllr</span> <span class='ocrx_word' id='word_1_266' title='bbox 1222 3375 1379 3473; x_wconf 75' lang='lat' dir='ltr'>pehtudre</span> <span class='ocrx_word' id='word_1_267' title='bbox 1401 3375 1682 3469; x_wconf 68' lang='lat' dir='ltr'>brotsoleiblbrlo</span> <span class='ocrx_word' id='word_1_268' title='bbox 1697 3376 1769 3454; x_wconf 76' lang='lat' dir='ltr'>dcc.</span> 
     </span>
     <span class='ocr_line' id='line_1_28' title="bbox 154 3391 1774 3569; baseline 0.002 -21"><span class='ocrx_word' id='word_1_269' title='bbox 154 3467 286 3549; x_wconf 85' lang='lat' dir='ltr'>Tab..1.</span> <span class='ocrx_word' id='word_1_270' title='bbox 315 3491 351 3542; x_wconf 91' lang='lat' dir='ltr'>n.</span> <span class='ocrx_word' id='word_1_271' title='bbox 367 3492 399 3544; x_wconf 88' lang='lat'>2.</span> <span class='ocrx_word' id='word_1_272' title='bbox 415 3466 453 3545; x_wconf 81' lang='lat' dir='ltr'>dt</span> <span class='ocrx_word' id='word_1_273' title='bbox 465 3493 499 3563; x_wconf 83' lang='lat'>3.</span> <span class='ocrx_word' id='word_1_274' title='bbox 553 3391 858 3564; x_wconf 61' lang='lat' dir='ltr'>interpositionis</span> <span class='ocrx_word' id='word_1_275' title='bbox 872 3468 1012 3565; x_wconf 83' lang='lat' dir='ltr'>sgnum</span> <span class='ocrx_word' id='word_1_276' title='bbox 1027 3473 1168 3547; x_wconf 88' lang='lat' dir='ltr'>nullum</span> <span class='ocrx_word' id='word_1_277' title='bbox 1182 3473 1362 3560; x_wconf 85' lang='lat' dir='ltr'>occurrit,</span> <span class='ocrx_word' id='word_1_278' title='bbox 1385 3471 1449 3549; x_wconf 86' lang='lat' dir='ltr'>nist</span> <span class='ocrx_word' id='word_1_279' title='bbox 1466 3471 1647 3569; x_wconf 77' lang='lat' dir='ltr'>punitum.</span> <span class='ocrx_word' id='word_1_280' title='bbox 1698 3473 1774 3551; x_wconf 88' lang='lat' dir='ltr'>De·</span> 
     </span>
     <span class='ocr_line' id='line_1_29' title="bbox 155 3562 1771 3669; baseline 0.005 -29"><span class='ocrx_word' id='word_1_281' title='bbox 155 3562 237 3642; x_wconf 89' lang='lat' dir='ltr'>lunt</span> <span class='ocrx_word' id='word_1_282' title='bbox 260 3564 421 3644; x_wconf 74' lang='lat' dir='ltr'>initiales</span> <span class='ocrx_word' id='word_1_283' title='bbox 439 3565 595 3666; x_wconf 85' lang='lat' dir='ltr'>litterae,</span> <span class='ocrx_word' id='word_1_284' title='bbox 622 3565 810 3651; x_wconf 88' lang='lat' dir='ltr'>custodes,</span> <span class='ocrx_word' id='word_1_285' title='bbox 842 3565 1055 3664; x_wconf 77' lang='lat' dir='ltr'>signaturae,</span> <span class='ocrx_word' id='word_1_286' title='bbox 1078 3571 1296 3668; x_wconf 86' lang='lat' dir='ltr'>paginarum</span> <span class='ocrx_word' id='word_1_287' title='bbox 1318 3571 1484 3653; x_wconf 88' lang='lat' dir='ltr'>numeri,</span> <span class='ocrx_word' id='word_1_288' title='bbox 1509 3571 1547 3648; x_wconf 81' lang='lat' dir='ltr'>dr</span> <span class='ocrx_word' id='word_1_289' title='bbox 1564 3570 1771 3669; x_wconf 88' lang='lat' dir='ltr'>inscriptio·</span> 
     </span>
     <span class='ocr_line' id='line_1_30' title="bbox 156 3662 1774 3765; baseline 0.004 -25"><span class='ocrx_word' id='word_1_290' title='bbox 156 3686 234 3740; x_wconf 85' lang='lat' dir='ltr'>nes.</span> <span class='ocrx_word' id='word_1_291' title='bbox 285 3663 327 3740; x_wconf 90' lang='lat' dir='ltr'>ln</span> <span class='ocrx_word' id='word_1_292' title='bbox 349 3663 422 3738; x_wconf 88' lang='lat' dir='ltr'>fine</span> <span class='ocrx_word' id='word_1_293' title='bbox 445 3663 545 3739; x_wconf 87' lang='lat' dir='ltr'>nulla</span> <span class='ocrx_word' id='word_1_294' title='bbox 565 3663 702 3758; x_wconf 85' lang='lat' dir='ltr'>legitur</span> <span class='ocrx_word' id='word_1_295' title='bbox 722 3662 815 3750; x_wconf 89' lang='lat' dir='ltr'>loci,</span> <span class='ocrx_word' id='word_1_296' title='bbox 846 3668 954 3753; x_wconf 89' lang='lat' dir='ltr'>anni,</span> <span class='ocrx_word' id='word_1_297' title='bbox 970 3670 1200 3765; x_wconf 54' lang='lat' dir='ltr'>‘tvpographi</span> <span class='ocrx_word' id='word_1_298' title='bbox 1224 3669 1368 3745; x_wconf 88' lang='lat' dir='ltr'>notitia.</span> <span class='ocrx_word' id='word_1_299' title='bbox 1394 3707 1397 3716; x_wconf 92' lang='lat'>·</span> <span class='ocrx_word' id='word_1_300' title='bbox 1419 3669 1558 3744; x_wconf 87' lang='lat' dir='ltr'>Charta</span> <span class='ocrx_word' id='word_1_301' title='bbox 1578 3667 1628 3744; x_wconf 88' lang='lat' dir='ltr'>cst</span> <span class='ocrx_word' id='word_1_302' title='bbox 1644 3667 1774 3746; x_wconf 87' lang='lat' dir='ltr'>firmis·</span> 
     </span>
     <span class='ocr_line' id='line_1_31' title="bbox 157 3760 1772 3868; baseline 0.004 -30"><span class='ocrx_word' id='word_1_303' title='bbox 157 3762 263 3848; x_wconf 85' lang='lat' dir='ltr'>srma,</span> <span class='ocrx_word' id='word_1_304' title='bbox 290 3761 395 3836; x_wconf 87' lang='lat' dir='ltr'>mirae</span> <span class='ocrx_word' id='word_1_305' title='bbox 418 3771 543 3836; x_wconf 66' lang='lat' dir='ltr'>umen</span> <span class='ocrx_word' id='word_1_306' title='bbox 566 3760 767 3846; x_wconf 81' lang='lat' dir='ltr'>albedinis,</span> <span class='ocrx_word' id='word_1_307' title='bbox 802 3761 952 3840; x_wconf 78' lang='lat' dir='ltr'>diversis</span> <span class='ocrx_word' id='word_1_308' title='bbox 977 3777 1107 3841; x_wconf 86' lang='lat' dir='ltr'>notata</span> <span class='ocrx_word' id='word_1_309' title='bbox 1123 3765 1299 3843; x_wconf 86' lang='lat' dir='ltr'>chartarii</span> <span class='ocrx_word' id='word_1_310' title='bbox 1327 3763 1456 3864; x_wconf 79' lang='lat' dir='ltr'>signis,</span> <span class='ocrx_word' id='word_1_311' title='bbox 1482 3767 1580 3842; x_wconf 89' lang='lat' dir='ltr'>inter</span> <span class='ocrx_word' id='word_1_312' title='bbox 1607 3789 1691 3863; x_wconf 88' lang='lat' dir='ltr'>quae</span> <span class='ocrx_word' id='word_1_313' title='bbox 1710 3782 1772 3868; x_wconf 19' lang='lat' dir='ltr'>&#39;ta-</span> 
     </span>
     <span class='ocr_line' id='line_1_32' title="bbox 156 3858 1774 3960; baseline 0.004 -22"><span class='ocrx_word' id='word_1_314' title='bbox 156 3884 243 3938; x_wconf 89' lang='lat' dir='ltr'>men</span> <span class='ocrx_word' id='word_1_315' title='bbox 266 3858 495 3955; x_wconf 85' lang='lat' dir='ltr'>frequentius</span> <span class='ocrx_word' id='word_1_316' title='bbox 520 3859 681 3936; x_wconf 91' lang='lat' dir='ltr'>occurrit</span> <span class='ocrx_word' id='word_1_317' title='bbox 702 3858 808 3934; x_wconf 84' lang='lat' dir='ltr'>Rosa.</span> <span class='ocrx_word' id='word_1_318' title='bbox 857 3859 1022 3958; x_wconf 82' lang='lat' dir='ltr'>Singulae</span> <span class='ocrx_word' id='word_1_319' title='bbox 1043 3866 1188 3960; x_wconf 85' lang='lat' dir='ltr'>paginae</span> <span class='ocrx_word' id='word_1_320' title='bbox 1208 3865 1247 3940; x_wconf 92' lang='lat' dir='ltr'>in</span> <span class='ocrx_word' id='word_1_321' title='bbox 1266 3866 1358 3939; x_wconf 88' lang='lat' dir='ltr'>duas</span> <span class='ocrx_word' id='word_1_322' title='bbox 1374 3865 1568 3940; x_wconf 82' lang='lat' dir='ltr'>columnas</span> <span class='ocrx_word' id='word_1_323' title='bbox 1595 3864 1774 3945; x_wconf 78' lang='lat' dir='ltr'>distinilae</span> 
     </span>
     <span class='ocr_line' id='line_1_33' title="bbox 156 3955 1775 4064; baseline 0.005 -31"><span class='ocrx_word' id='word_1_324' title='bbox 156 3959 248 4036; x_wconf 77' lang='lat' dir='ltr'>sunt</span> <span class='ocrx_word' id='word_1_325' title='bbox 277 3955 480 4035; x_wconf 83' lang='lat' dir='ltr'>‘Columna</span> <span class='ocrx_word' id='word_1_326' title='bbox 506 3956 671 4059; x_wconf 83' lang='lat' dir='ltr'>quaevis,</span> <span class='ocrx_word' id='word_1_327' title='bbox 690 3963 876 4054; x_wconf 82' lang='lat' dir='ltr'>‘quotquot</span> <span class='ocrx_word' id='word_1_328' title='bbox 892 3963 1102 4048; x_wconf 85' lang='lat' dir='ltr'>numeravi,</span> <span class='ocrx_word' id='word_1_329' title='bbox 1125 3959 1241 4036; x_wconf 86' lang='lat' dir='ltr'>lineas</span> <span class='ocrx_word' id='word_1_330' title='bbox 1259 3962 1513 4059; x_wconf 75' lang='lat' dir='ltr'>compleditur</span> <span class='ocrx_word' id='word_1_331' title='bbox 1534 3967 1592 4038; x_wconf 71' lang='lat' dir='ltr'>bh.</span> <span class='ocrx_word' id='word_1_332' title='bbox 1625 3960 1775 4064; x_wconf 68' lang='lat' dir='ltr'>sitque</span> 
     </span>
     <span class='ocr_line' id='line_1_34' title="bbox 156 4046 1773 4159; baseline 0.003 -25"><span class='ocrx_word' id='word_1_333' title='bbox 156 4060 237 4135; x_wconf 79' lang='lat' dir='ltr'>lraec</span> <span class='ocrx_word' id='word_1_334' title='bbox 278 4051 534 4130; x_wconf 88' lang='lat' dir='ltr'>uidemtribus</span> <span class='ocrx_word' id='word_1_335' title='bbox 557 4046 804 4130; x_wconf 87' lang='lat' dir='ltr'>voluminibus</span> <span class='ocrx_word' id='word_1_336' title='bbox 828 4055 908 4132; x_wconf 89' lang='lat' dir='ltr'>sunt</span> <span class='ocrx_word' id='word_1_337' title='bbox 923 4061 1144 4134; x_wconf 89' lang='lat' dir='ltr'>communia.</span> <span class='ocrx_word' id='word_1_338' title='bbox 1196 4059 1344 4136; x_wconf 89' lang='lat' dir='ltr'>Notabo</span> <span class='ocrx_word' id='word_1_339' title='bbox 1359 4082 1456 4136; x_wconf 88' lang='lat' dir='ltr'>nunc</span> <span class='ocrx_word' id='word_1_340' title='bbox 1471 4061 1659 4156; x_wconf 86' lang='lat' dir='ltr'>quaedam,</span> <span class='ocrx_word' id='word_1_341' title='bbox 1687 4084 1773 4159; x_wconf 81' lang='lat' dir='ltr'>quae</span> 
     </span>
    </p>

    <p class='ocr_par' dir='ltr' id='par_1_8' title="bbox 112 4077 1775 4725">
     <span class='ocr_line' id='line_1_35' title="bbox 112 4077 1775 4258; baseline 0.002 -25"><span class='ocrx_word' id='word_1_342' title='bbox 112 4212 116 4220; x_wconf 22' lang='grc' dir='ltr'>κ</span> <span class='ocrx_word' id='word_1_343' title='bbox 158 4077 307 4250; x_wconf 64' lang='lat' dir='ltr'>sagulis</span> <span class='ocrx_word' id='word_1_344' title='bbox 328 4150 409 4228; x_wconf 91' lang='lat' dir='ltr'>sunt</span> <span class='ocrx_word' id='word_1_345' title='bbox 433 4150 598 4247; x_wconf 86' lang='lat' dir='ltr'>propria,</span> <span class='ocrx_word' id='word_1_346' title='bbox 625 4159 668 4225; x_wconf 88' lang='lat' dir='ltr'>ut</span> <span class='ocrx_word' id='word_1_347' title='bbox 688 4153 772 4247; x_wconf 89' lang='lat' dir='ltr'>quis</span> <span class='ocrx_word' id='word_1_348' title='bbox 803 4155 932 4242; x_wconf 90' lang='lat' dir='ltr'>unius,</span> <span class='ocrx_word' id='word_1_349' title='bbox 956 4157 1158 4234; x_wconf 88' lang='lat' dir='ltr'>alteriusve</span> <span class='ocrx_word' id='word_1_350' title='bbox 1178 4157 1378 4234; x_wconf 84' lang='lat' dir='ltr'>voluminis</span> <span class='ocrx_word' id='word_1_351' title='bbox 1401 4159 1546 4254; x_wconf 87' lang='lat' dir='ltr'>copiam</span> <span class='ocrx_word' id='word_1_352' title='bbox 1566 4159 1693 4233; x_wconf 75' lang='lat' dir='ltr'>uastos</span> <span class='ocrx_word' id='word_1_353' title='bbox 1715 4157 1775 4258; x_wconf 84' lang='lat' dir='ltr'>ju·</span> 
     </span>
     <span class='ocr_line' id='line_1_36' title="bbox 157 4245 1775 4352; baseline 0.003 -24"><span class='ocrx_word' id='word_1_354' title='bbox 157 4255 283 4329; x_wconf 89' lang='lat' dir='ltr'>dicare</span> <span class='ocrx_word' id='word_1_355' title='bbox 328 4245 424 4335; x_wconf 85' lang='lat' dir='ltr'>offit,</span> <span class='ocrx_word' id='word_1_356' title='bbox 453 4249 677 4335; x_wconf 81' lang='lat' dir='ltr'>eundemne,</span> <span class='ocrx_word' id='word_1_357' title='bbox 700 4271 748 4324; x_wconf 87' lang='lat' dir='ltr'>an</span> <span class='ocrx_word' id='word_1_358' title='bbox 763 4252 916 4327; x_wconf 89' lang='lat' dir='ltr'>anostra</span> <span class='ocrx_word' id='word_1_359' title='bbox 937 4255 1116 4349; x_wconf 77' lang='lat' dir='ltr'>diversam</span> <span class='ocrx_word' id='word_1_360' title='bbox 1129 4255 1264 4334; x_wconf 88' lang='lat' dir='ltr'>habeat</span> <span class='ocrx_word' id='word_1_361' title='bbox 1278 4254 1490 4333; x_wconf 90' lang='lat' dir='ltr'>editionem.</span> <span class='ocrx_word' id='word_1_362' title='bbox 1548 4252 1651 4330; x_wconf 84' lang='lat' dir='ltr'>Temo</span> <span class='ocrx_word' id='word_1_363' title='bbox 1660 4259 1775 4352; x_wconf 82' lang='lat' dir='ltr'>primo</span> 
     </span>
     <span class='ocr_line' id='line_1_37' title="bbox 158 4273 1775 4462; baseline 0.006 -39"><span class='ocrx_word' id='word_1_364' title='bbox 158 4273 359 4446; x_wconf 63' lang='lat' dir='ltr'>praerrrilius</span> <span class='ocrx_word' id='word_1_365' title='bbox 385 4347 433 4434; x_wconf 84' lang='lat' dir='ltr'>est</span> <span class='ocrx_word' id='word_1_366' title='bbox 462 4347 816 4462; x_wconf 25' lang='lat' dir='ltr'>duplexuprologum</span> <span class='ocrx_word' id='word_1_367' title='bbox 846 4349 884 4426; x_wconf 83' lang='lat' dir='ltr'>dt</span> <span class='ocrx_word' id='word_1_368' title='bbox 906 4353 1053 4447; x_wconf 90' lang='lat' dir='ltr'>quidem</span> <span class='ocrx_word' id='word_1_369' title='bbox 1075 4355 1127 4429; x_wconf 88' lang='lat' dir='ltr'>in·</span> <span class='ocrx_word' id='word_1_370' title='bbox 1161 4355 1253 4430; x_wconf 88' lang='lat' dir='ltr'>tima</span> <span class='ocrx_word' id='word_1_371' title='bbox 1281 4354 1453 4429; x_wconf 91' lang='lat' dir='ltr'>columna</span> <span class='ocrx_word' id='word_1_372' title='bbox 1477 4351 1608 4452; x_wconf 83' lang='lat' dir='ltr'>prlmae</span> <span class='ocrx_word' id='word_1_373' title='bbox 1626 4355 1775 4460; x_wconf 83' lang='lat' dir='ltr'>paginae</span> 
     </span>
     <span class='ocr_line' id='line_1_38' title="bbox 159 4375 1774 4553; baseline 0.005 -33"><span class='ocrx_word' id='word_1_374' title='bbox 159 4445 263 4520; x_wconf 87' lang='lat' dir='ltr'>Prolo</span> <span class='ocrx_word' id='word_1_375' title='bbox 287 4470 326 4518; x_wconf 84' lang='lat' dir='ltr'>us</span> <span class='ocrx_word' id='word_1_376' title='bbox 340 4445 420 4541; x_wconf 73' lang='lat' dir='ltr'>yim⁹</span> <span class='ocrx_word' id='word_1_377' title='bbox 448 4440 638 4521; x_wconf 81' lang='lat' dir='ltr'>Venerobrl&#39;</span> <span class='ocrx_word' id='word_1_378' title='bbox 653 4442 782 4539; x_wconf 79' lang='lat' dir='ltr'>fratrc</span> <span class='ocrx_word' id='word_1_379' title='bbox 809 4445 948 4522; x_wconf 69' lang='lat' dir='ltr'>Mausos</span> <span class='ocrx_word' id='word_1_380' title='bbox 974 4449 1016 4524; x_wconf 84' lang='lat' dir='ltr'>de</span> <span class='ocrx_word' id='word_1_381' title='bbox 1042 4449 1110 4526; x_wconf 83' lang='lat' dir='ltr'>liro</span> <span class='ocrx_word' id='word_1_382' title='bbox 1132 4375 1176 4526; x_wconf 42' lang='lat' dir='ltr'>{a</span> <span class='ocrx_word' id='word_1_383' title='bbox 1201 4455 1365 4553; x_wconf 75' lang='lat' dir='ltr'>trslomibi</span> <span class='ocrx_word' id='word_1_384' title='bbox 1386 4455 1460 4526; x_wconf 66' lang='grc' dir='ltr'>ναῖ’</span> <span class='ocrx_word' id='word_1_385' title='bbox 1480 4449 1537 4528; x_wconf 83' lang='lat' dir='ltr'>De</span> <span class='ocrx_word' id='word_1_386' title='bbox 1560 4451 1774 4528; x_wconf 71' lang='lat' dir='ltr'>recontenda-</span> 
     </span>
     <span class='ocr_line' id='line_1_39' title="bbox 159 4473 1775 4656; baseline 0.007 -40"><span class='ocrx_word' id='word_1_387' title='bbox 159 4547 237 4618; x_wconf 74' lang='lat' dir='ltr'>conl</span> <span class='ocrx_word' id='word_1_388' title='bbox 252 4473 350 4640; x_wconf 54' lang='lat' dir='ltr'>foere</span> <span class='ocrx_word' id='word_1_389' title='bbox 367 4540 593 4641; x_wconf 77' lang='lat' dir='ltr'>scriptorem</span> <span class='ocrx_word' id='word_1_390' title='bbox 619 4541 773 4641; x_wconf 82' lang='lat' dir='ltr'>generali</span> <span class='ocrx_word' id='word_1_391' title='bbox 792 4541 939 4643; x_wconf 72' lang='lat' dir='ltr'>Impia,</span> <span class='ocrx_word' id='word_1_392' title='bbox 965 4549 1137 4656; x_wconf 87' lang='lat' dir='ltr'>idemque</span> <span class='ocrx_word' id='word_1_393' title='bbox 1158 4537 1379 4634; x_wconf 79' lang='lat' dir='ltr'>terminatur</span> <span class='ocrx_word' id='word_1_394' title='bbox 1405 4550 1445 4627; x_wconf 87' lang='lat' dir='ltr'>in</span> <span class='ocrx_word' id='word_1_395' title='bbox 1471 4547 1609 4628; x_wconf 83' lang='lat' dir='ltr'>aversae</span> <span class='ocrx_word' id='word_1_396' title='bbox 1627 4552 1775 4650; x_wconf 77' lang='lat' dir='ltr'>paginae</span> 
     </span>
     <span class='ocr_line' id='line_1_40' title="bbox 810 4669 1726 4725; baseline 0.013 -29"><span class='ocrx_word' id='word_1_397' title='bbox 810 4689 813 4696; x_wconf 92' lang='lat'>.</span> <span class='ocrx_word' id='word_1_398' title='bbox 865 4702 871 4711; x_wconf 61' lang='grc'><em>,</em></span> <span class='ocrx_word' id='word_1_399' title='bbox 956 4703 960 4714; x_wconf 54' lang='grc'><em>,</em></span> <span class='ocrx_word' id='word_1_400' title='bbox 1176 4683 1181 4690; x_wconf 86' lang='lat'>-</span> <span class='ocrx_word' id='word_1_401' title='bbox 1660 4669 1726 4725; x_wconf 71' lang='grc' dir='ltr'>ω.</span> 
     </span>
    </p>
   </div>
   <div class='ocr_carea' id='block_1_6' title="bbox 0 0 1939 5030">
    <p class='ocr_par' dir='ltr' id='par_1_9' title="bbox 0 0 1939 5030">
     <span class='ocr_line' id='line_1_41' title="bbox 0 0 1939 5030; baseline 0 0"><span class='ocrx_word' id='word_1_402' title='bbox 0 0 1939 5030; x_wconf 95' lang='lat' dir='ltr'> </span> 
     </span>
    </p>
   </div>
  </div>
 </body>
</html>
