3790 5030
639 239 643 248 ²
703 179 1075 306 -ss
1382 227 1386 250 ·
1591 201 1592 204 ‘
1692 225 1720 322 3

91 389 351 492 peartaneu.
382 399 415 466 a
436 389 539 466 aaa
552 411 614 486 per
639 386 740 466 maro
761 389 906 470 aonam
929 394 1076 496 ranam
1088 423 1148 497 pn
1162 395 1267 473 aaa
1291 393 1412 473 araca
1444 373 1590 500 restant
1611 401 1682 498 (nc
1692 387 1727 506 )'

98 493 138 566 a'n
164 491 302 565 ciritae
317 487 440 590 Spinis
461 485 535 570 Sub
556 511 645 562 uano
666 485 762 564 drisce
785 493 995 568 incarnacdr's
1014 493 1072 572 M.
1098 522 1179 571 cccc.
1203 495 1351 593 Lxxvr'j.
1379 493 1434 570 dir
1455 500 1604 594 vicrfima
1628 529 1719 579 men-

90 589 145 689 fir
170 586 331 702 Augusti.
378 588 451 664 His
478 583 633 663 sublesta
661 585 743 664 sunt
769 593 993 704 typographi
1018 591 1180 690 insignia.
1250 591 1409 670 Accedit
1430 590 1555 672 tabula
1583 598 1643 676 seu
1664 603 1719 678 in·

98 685 177 762 dex
200 683 477 774 meldorum,
500 682 540 762 dt
569 685 752 780 capitum,
786 707 827 766 rn
853 709 937 786 quac
961 691 1119 768 divisum
1140 691 1191 768 est
1213 687 1285 767 hoc
1311 691 1504 781 volumen,
1527 695 1629 773 soliis
1650 698 1719 775 im·

99 780 227 882 preliis
250 783 395 861 duobus
416 779 710 880 comprehensus.
1167 799 1170 806 ’
1234 815 1236 820 ’

101 1051 196 1150 lIl.
242 1049 388 1258 Bxiplilp
454 1047 672 1255 errluauicu
712 1048 918 1165 Augullae
959 1049 1141 1146 Vindel.
1190 1053 1387 1170 impressa
1434 1088 1547 1153 anno
1593 1033 1731 1188 1477.

218 1192 249 1258 a
321 1193 347 1252 ο
389 1231 399 1252 .
476 1194 535 1253 o.
1651 1195 1655 1206 ’

262 1357 387 1460 Hujus
411 1358 588 1444 editionis
613 1360 733 1460 priora
755 1331 847 1460 pars¹
861 1372 1008 1440 tantum
1030 1363 1146 1440 exstat
1172 1363 1211 1442 in
1231 1367 1464 1447 Bibliotheca
1486 1372 1613 1476 hujate
1636 1403 1721 1459 aea·

100 1458 258 1538 demica.
332 1455 514 1535 Attamen
534 1459 670 1556 integri
694 1461 817 1558 operis
842 1461 1017 1538 notitiam
1040 1462 1234 1548 latioribus
1267 1469 1517 1558 exhibiturus,
1562 1497 1646 1574 quae
1671 1481 1720 1574 nd

79 1571 247 1657 ,partem
268 1554 369 1632 illius
393 1555 586 1634 secundam
606 1559 812 1656 pertinent,
839 1581 887 1635 ex
913 1559 969 1635 Cl.
987 1561 1152 1636 Panzero
1180 1561 1395 1662 deprompsi.
1469 1568 1624 1650 Litteris
1649 1577 1719 1651 im.

97 1653 215 1770 prelia
233 1652 416 1767 funthaec
440 1653 563 1730 Biblia
590 1656 791 1769 admodum
818 1656 1035 1771 pinguibus,
1072 1671 1298 1775 nontamen
1318 1662 1489 1776 sculptis,
1530 1667 1596 1785 sed
1612 1671 1718 1750 fufis:

97 1750 1229 1966 llll&{0laaftgll5‘llllbllllzllnl¹ll3l.¹ill
1258 1759 1467 1955 uini
1480 1763 1627 1963 tenu
1642 1771 1720 1946 rr:

97 1950 208 2026 tiales
233 1947 369 2061 litterae
387 1971 531 2063 parvae3
560 1971 687 2064 eaeque
702 1947 880 2062 unprellac
896 1948 997 2038 sunt,
1020 1951 1154 2048 qulbus
1173 1955 1357 2032 tamenin
1376 1957 1497 2034 nostro
1514 1964 1718 2074 exemplari

97 2046 1458 2265 ‘sablill‘sllllidllili‘flllllllinniillllslball‘fillliffn
1477 2055 1719 2246 iltuit

97 2243 310 2342 frequenter
333 2256 444 2340 caput
465 2243 664 2329 bannum,
691 2265 796 2342 cujus
814 2255 912 2318 inter
927 2265 1065 2319 cornua
1086 2243 1187 2320 lidus
1209 2261 1378 2346 exargrt,
1403 2251 1591 2349 adparent.
1644 2258 1719 2335 De-

97 2341 178 2418 sunt
203 2341 389 2428 custodes,
416 2339 456 2420 dr
475 2339 681 2438 signamrae.
758 2338 902 2416 Adsunt
921 2364 1010 2417 vero
1036 2341 1136 2418 tituli
1160 2344 1437 2434 columnarum,
1457 2360 1538 2426 ‘nec
1563 2378 1637 2428 non
1659 2357 1717 2430 so-
1833 2411 1842 2428 .

97 2441 235 2516 liorum
257 2439 414 2516 numeri.
486 2440 680 2517 Columnae
704 2436 872 2535 fing'ulae,
901 2445 1057 2535 quarum
1080 2441 1172 2516 duas
1197 2445 1340 2538 quaevis
1357 2445 1470 2522 habet
1491 2451 1645 2546 pagina,
1671 2452 1717 2528 li·
1773 2469 1777 2475 ·

96 2561 187 2615 neas
211 2536 398 2711 imprelias
420 2559 463 2634 51
490 2539 694 2613 continent.
780 2535 948 2612 Praefixit
979 2538 1091 2613 etiam
1129 2540 1312 2636 capitibus
1337 2566 1511 2620 numeros
1539 2560 1715 2645 typogra-

98 2639 206 2734 phus.
298 2635 381 2713 ituli
411 2633 637 2712 Psalmorum
659 2658 733 2709 non
756 2632 837 2711 sunt
863 2633 1056 2732 separatim
1080 2636 1256 2732 impreffi,
1282 2638 1343 2714 sed
1365 2639 1497 2718 Psalmi
1517 2642 1646 2744 singuli
1668 2649 1717 2724 ti·

98 2736 216 2812 tulum
242 2734 399 2830 quisque
421 2731 521 2808 suurn
544 2733 681 2810 habent
702 2731 908 2829 praefixum.
957 2731 1098 2808 Praeter
1122 2733 1294 2830 punitum
1309 2736 1348 2814 dr
1362 2734 1502 2834 signum
1532 2745 1582 2830 s..
1599 2745 1660 2820 vel
1673 2742 1715 2845 l)

98 2857 172 2930 quo
195 2829 344 2930 syllabae
367 2830 471 2908 vocis
489 2829 656 2929 ejusdem
682 2831 722 2906 in
743 2828 818 2906 fine
838 2830 1018 2905 linearum
1044 2831 1209 2928 abruptae
1225 2838 1529 2930 coagrnentandae
1550 2841 1716 2918 indican-

97 2948 176 3018 tur,
206 2953 284 3005 non
306 2941 504 3006 occurrunt
529 2927 602 3005 alia
626 2925 894 3004 diffinitionum
908 2923 1025 3022 signa.
1075 2927 1213 3003 Divisio
1238 2934 1361 3027 operis
1384 2935 1423 3008 in
1438 2936 1511 3012 duo
1526 2939 1716 3015 volumina

98 3032 144 3105 ab
181 3027 258 3103 iso
289 3038 380 3126 typo
426 3029 521 3124 apho
554 3025 605 3104 est
632 3027 818 3130 adoptata.
880 3023 976 3100 Nam
998 3024 1247 3102 voluminibus
1269 3027 1418 3126 siugulis
1440 3034 1600 3109 indicem
1645 3058 1716 3113 rae·

94 3127 181 3204 fixit
195 3049 375 3202 iuratum
418 3125 621 3202 iblicorum.
651 3122 834 3200 Volumen
851 3122 1011 3235 prlrnurn
1026 3122 1116 3198 solia
1129 3123 1240 3200 habet
1252 3143 1445 3205 numerata
1457 3131 1588 3207 CCCX
1617 3133 1711 3228 llll:

96 3248 228 3304 reuera
250 3237 376 3300 autem
394 3223 533 3300 constat
550 3223 651 3299 foliis
672 3247 755 3318 321.
808 3219 905 3296 Nam
927 3219 1058 3296 solium
1104 3221 1260 3310 rirnum,
1284 3223 1390 3322 cujus
1415 3227 1538 3304 aversa
1560 3232 1713 3326 pagina,

97 3322 272 3400 columna
300 3321 419 3419 prima
438 3323 600 3398 indicem
632 3321 798 3396 continet
831 3318 1008 3394 librorum
1035 3243 1284 3406 Biilicorum,
1309 3321 1348 3400 dr
1372 3323 1502 3400 solium
1522 3327 1712 3414 ultimum,

97 3421 204 3520 cujus
219 3421 340 3518 prima
356 3431 502 3496 tanturn
516 3419 687 3496 columna
708 3417 875 3515 imprelsa
893 3415 962 3503 eli,
990 3431 1117 3495 carent
1132 3419 1297 3495 numeris
1320 3421 1506 3518 imprelsrs.
1543 3425 1599 3500 Cl:
1617 3426 1715 3502 Pan-

94 3543 157 3599 zer
180 3517 387 3620 (illodprldu
406 3534 474 3594 unu
491 3526 548 3592 ben
573 3517 779 3610 odecdltrllen
794 3515 975 3614 genantur
994 3517 1153 3610 brutlcbeu
1174 3515 1303 3596 arinen
1325 3541 1407 3616 pag.
1424 3525 1508 3616 53.)
1538 3521 1628 3598 folia
1643 3523 1714 3599 im·

93 3617 208 3716 prell'a
231 3629 402 3691 numerat
425 3613 557 3698 CCCX
581 3616 701 3712 (310)
729 3635 886 3709 eumque
921 3635 1115 3688 numerum
1144 3613 1200 3690 bis
1233 3616 1344 3692 habet
1365 3619 1463 3693 intra
1488 3635 1647 3716 quatuor
1669 3623 1713 3704 li÷

94 3709 195 3793 neas]
263 3714 367 3790 Idem
391 3712 581 3799 adfirmat,
608 3713 738 3789 folium
765 3709 979 3796 secundum,
1005 3711 1104 3808 quod
1126 3711 1284 3786 indicem
1306 3716 1464 3812 excipit,
1488 3740 1642 3795 nurnero
1669 3720 1713 3796 ll.

94 3813 163 3892 esse
188 3821 370 3888 notaturu
434 3809 575 3888 Verum
595 3812 703 3889 aliter
726 3811 759 3887 se
782 3807 893 3884 habet
911 3819 1111 3905 utrumque
1133 3809 1173 3884 in
1200 3809 1321 3886 nostro
1342 3814 1555 3910 exemplari.
1616 3816 1715 3894 Nam

94 3913 271 3990 soliorum
293 3931 468 3988 numerus
491 3909 542 3987 est
567 3934 662 4006 321,
689 3903 728 3988 dc
751 3906 883 3984 solium
906 3904 1103 3982 secundum
1123 3929 1315 3984 numerum
1332 3909 1358 3987 1.
1389 3910 1510 3988 habet
1560 3911 1637 4006 Sed
1655 3939 1714 3990 er·

94 4033 219 4088 rorem
240 4009 339 4085 hunc
366 4007 490 4106 postea
515 4008 675 4095 detexit,
710 4006 857 4084 dumio
882 4003 956 4080 alio
980 4004 1066 4080 loco
1090 4005 1106 4092 (
1118 4024 1182 4081 uon
1208 4010 1265 4086 bru
1292 4007 1419 4101 brenen
1445 4011 1712 4110 ougoburglsdnr

94 4107 276 4207 aenean
304 4113 357 4183 bet
374 4105 509 4203 mabri)
536 4107 582 4182 de
619 4105 748 4182 eadem
785 4104 949 4180 editione
985 4101 1140 4201 loquens
1175 4127 1351 4180 numeros
1386 4108 1604 4204 paginarum
1626 4109 1712 4184 abl

93 4229 214 4302 usque
249 4203 297 4282 ad
323 4202 492 4281 CCCXX
521 4205 672 4280 extendi
695 4199 887 4286 adsumat,
924 4201 1024 4296 quod
1044 4201 1098 4276 ita
1123 4211 1248 4277 tamen
1269 4202 1550 4298 intelligendum
1572 4204 1641 4292 est,
1668 4219 1712 4282 ut
1780 4244 1784 4252 =

94 4325 272 4382 numerus
290 4301 459 4379 CCCXX
480 4298 561 4379 solii
587 4301 709 4380 ultimi
731 4323 808 4374 non
830 4295 874 4374 srt
894 4297 1090 4392 expressus.
1142 4299 1316 4376 Ceterum
1336 4303 1515 4380 uolumen
1538 4301 1609 4377 hoc
1623 4303 1710 4399 ,pri-

94 4425 199 4479 murn
223 4399 340 4478 libros
361 4399 516 4476 biblicus
538 4423 560 4475 a
580 4397 700 4496 genesi
721 4419 838 4493 usque
860 4397 908 4472 ad
933 4395 1147 4478 Psalterium
1170 4397 1433 4496 complesiitur.
1512 4394 1575 4474 Ad
1599 4397 1712 4498 hujus

94 4501 235 4580 calcem
260 4499 434 4598 leguntur
453 4496 659 4598 sequentia:
696 4499 791 4595 tenu
815 4495 905 4670 capp
930 4495 1002 4591 bat
1031 4501 1090 4580 btr
1122 4491 1361 4602 urtffcnuug
1391 4501 1482 4581 obrr
1509 4493 1545 4576 δ’
1569 4493 1712 4679 ρζαὶτπ

920 4617 945 4672 a
1619 4613 1691 4687 tt.
