3790 5030
779 194 1102 324 ss
1209 179 1252 296 ‚⁸
1686 237 1737 305 11

14 438 64 509 ue
111 414 221 514 XV.
250 411 386 506 Liber
405 407 716 510 moralitatum
742 409 800 498 ele
833 407 927 500 anti
960 431 1073 497 emur
1096 387 1526 522 magnarum‘reeum
1555 399 1738 499 naturu-

234 529 343 622 lium
379 524 543 618 lumen
563 523 703 613 anime
730 517 774 610 uli
817 551 884 612 tur.
940 547 1034 612 tuen
1062 516 1226 641 septem
1266 517 1617 638 apparitoribus.
1667 551 1743 614 uec

20 591 54 784 πί
196 647 321 738 ‘noa
335 637 553 766 ffiniiorei
580 633 773 728 doliorii
801 635 1052 728 orthooloue
1074 633 1178 742 fidel
1205 631 1512 754 proseffora'm.
1591 627 1760 729 Poeta-¹

24 1161 60 1250 t'

14 1281 53 1398 it}

233 787 335 852 rum
374 755 504 848 etiam
537 779 587 843 ac
629 751 822 844 oratoru
858 747 1171 846 aubioritatibt
1205 777 1287 955 per
1320 749 1740 883 molumpburatre

237 873 356 1106 {2133
387 871 454 1080 si,11
473 867 627 1075 agliae
664 868 887 988 alphabeti
922 861 1122 958 collobiis.
1157 863 1205 978 fe
1222 865 1349 957 icitur
1380 864 1551 998 intepet.
1599 867 1740 959 Anno

280 1201 374 1292 Quae
397 1197 554 1278 recitavi
575 1197 705 1288 verba,
737 1199 775 1274 in
798 1197 922 1274 fronte
947 1193 1148 1274 voluminis
1175 1196 1341 1297 imprelia
1373 1193 1509 1278 litteris
1532 1197 1740 1299 majusculis

115 1299 303 1397 leguntur.
356 1298 450 1377 Haec
475 1301 564 1378 ve'ro
592 1297 806 1374 immediate
832 1296 972 1394 excipit
994 1297 1165 1393 praefatio
1191 1298 1318 1375 fratris
1349 1299 1521 1376 Matthiae
1547 1299 1741 1379 Farinato-
1806 1307 1810 1318 '

14 1441 49 1483 a:
115 1400 170 1476 ris
196 1399 244 1474 de
267 1397 432 1484 Vienna,
457 1397 541 1474 ord.
568 1396 613 1474 B.
633 1397 684 1472 Μ.
705 1395 751 1473 V.
777 1395 969 1472 demente
988 1393 1179 1483 Carmeia,
1210 1397 1275 1494 qui
1294 1397 1429 1477 librum
1453 1399 1551 1474 hunc
1576 1423 1651 1476 non
1666 1401 1741 1498 ipse

14 1503 46 1604 ³.)
114 1496 269 1593 quidem
289 1493 512 1594 composuit,
543 1494 602 1572 sed
627 1497 697 1596 post
722 1491 887 1568 diutinam
915 1491 1164 1570 occultationem
1188 1499 1373 1592 protraxit
1394 1499 1433 1572 in
1457 1497 1599 1582 lucem,
1628 1499 1668 1572 in
1693 1500 1742 1574 ti·

19 1611 22 1626 ·
114 1595 217 1670 tulos
240 1593 279 1672 dr
303 1595 552 1691 paragraphos
568 1591 753 1678 distinxit,
781 1615 824 1666 ac
839 1589 1036 1666 universim
1050 1591 1170 1668 ulrbus
1188 1595 1308 1688 magis
1326 1596 1611 1674 adcommodare
1630 1619 1743 1672 cona·

14 1737 44 1790 et
115 1705 180 1769 teus
202 1689 273 1786 est3
295 1691 353 1779 id,
382 1691 481 1790 quod
501 1715 549 1770 ex
560 1691 677 1770 tonus
692 1689 921 1789 praelationis
935 1689 1324 1788 contextucolligitut.
1367 1693 1628 1780 Praelationem
1645 1693 1741 1771 hanc

14 1841 43 1891 ἐξ,
116 1789 259 1888 excipit
280 1790 424 1879 tabula,
463 1791 524 1868 seu
550 1791 662 1868 index
688 1789 901 1873 titulorum,
945 1809 990 1862 eo
1021 1789 1153 1863 crdioe'
1174 1789 1415 1878 concinnata,
1457 1815 1529 1890 quo
1555 1791 1655 1868 tituli
1677 1791 1743 1890 ipfi

14 1943 32 1986 e
118 1902 329 1966 occurrunt.
396 1889 440 1966 ln
465 1887 590 1966 aversa
611 1888 692 1966 folii
715 1885 860 1964 secundi
887 1886 1020 1982 pagina
1037 1886 1109 1962 alia
1134 1888 1284 1984 incipit,
1310 1890 1487 1964 nimirum
1515 1885 1646 1980 Tabula
1667 1893 1743 1990 pri·¹

14 2041 38 2084 c
117 2011 173 2064 ma
195 2011 308 2062 rerum
329 1985 546 2064 naturalium.
597 1987 692 2068 Haec
717 1985 949 2083 alphabetico
973 1983 1024 2060 est
1046 1983 1175 2061 ordine
1195 1986 1433 2073 concinnata,
1458 1987 1497 2066 bt
1521 1989 1744 2065 terminatur

117 2087 154 2160 in
184 2087 304 2184 prima
328 2087 463 2184 pagina
483 2085 563 2162 folii
595 2101 650 2172 18.
715 2085 756 2158 ln
784 2081 909 2160 averia
930 2081 1018 2157 folii
1035 2081 1202 2180 ejusdem
1227 2085 1362 2182 pagina
1383 2072 1514 2183 incipit
1533 2083 1676 2162 ¹Tabula
1685 2086 1743 2186 se·
1801 2145 1810 2166 .

14 2175 34 2252 2.
119 2183 231 2258 cundo
253 2183 494 2260 moralitatum.
569 2182 664 2261 Haec
684 2205 829 2280 quoque
853 2180 1037 2278 alphabeti
1063 2183 1231 2258 ordinem
1253 2181 1432 2280 sequitur,
1472 2183 1743 2266 &cacunem

14 2275 36 2356 {2
115 2282 196 2360 folii
219 2292 268 2382 47
293 2284 478 2360 clauditur
507 2282 576 2358 hac
606 2281 882 2378 iubscriptione:
929 2274 1059 2354 Tabula
1081 2279 1310 2356 moralitatum
1309 2278 1473 2454 secunda
1486 2281 1591 2381 super
1611 2281 1743 2362 Lumen

14 2370 36 2466 'J
119 2383 229 2456 anime
241 2380 325 2478 finit
339 2381 498 2478 filiciter.
546 2373 651 2456 Folio
675 2377 825 2456 tandem
848 2393 895 2474 48
923 2377 1054 2474 incipit
1075 2375 1245 2476 Prologus
1269 2377 1307 2476 ip

1322 2403 1379 2457 rus
1402 2380 1580 2464 audiaris,
1608 2383 1742 2480 inquo

115 2479 287 2566 testatur,
315 2479 350 2556 se
373 2479 465 2578 julio
489 2477 618 2554 summi
645 2475 846 2554 Pontificie
861 2475 999 2550 summo
1022 2475 1146 2554 labore
1175 2477 1214 2554 δι
1241 2477 1434 2576 diligentia
1460 2473 1620 2578 Triginta
1641 2483 1741 2559 annis

117 2579 226 2654 minus
254 2583 320 2652 uno
344 2579 566 2676 perliciendo
587 2575 642 2652 ilii
666 2575 768 2672 operi
790 2569 975 2649 insudasse.
1038 2575 1080 2648 In
1104 2572 1176 2652 fine
1199 2573 1310 2675 hujus
1334 2578 1479 2676 prologi
1502 2578 1584 2654 haec
1608 2579 1741 2658 habet:

16 2671 30 2754 J
117 2701 185 2791 noer
209 2673 391 2776 gloriando
415 2674 510 2752 dieat
541 2677 665 2760 merui,
695 2671 897 2847 atsemmps
909 2671 1070 2786 pontifex
1093 2667 1256 2846 {poam
1278 2673 1365 2750 lunc
1387 2672 1510 2752 librum
1526 2673 1618 2752 uellet
1633 2677 1743 2754 lurneen

14 2787 15 2790 ’
119 2797 241 2852 anema
262 2777 459 2874 nuncupari.
503 2773 598 2850 Tum
617 2774 730 2848 imme

18 2921 26 2982 3
100 2885 212 2950 ·terae
232 2872 321 2950 fulae
336 2872 416 2950 sunt
438 2898 513 2948 non
536 2871 705 2970 sculpere,
734 2891 862 2966 eaeque
876 2869 1065 2956 rotundae,
1086 2869 1222 2946 italicis
1244 2885 1370 2950 tamen
1393 2875 1517 2950 minus
1540 2875 1740 2972 elegantes,
1780 2913 1784 2919 ·

757 2771 832 2848 iate
853 2771 985 2866 mctplt
1019 2768 1075 2845 De
1138 2769 1260 2846 ote'tate
1287 2772 1378 2872 Xpt.
1433 2773 1549 2860 blunt?
1577 2773 1622 2861 l.
1661 2777 1741 2855 Lit-

117 2969 152 3049 V
153 2961 309 3048 identat
333 2972 480 3068 prorsus
502 2972 644 3048 eaedem
665 2967 735 3048 effe
757 2990 843 3044 cum
863 2965 1021 3053 litteris,
1044 2969 1176 3064 quibus
1200 2967 1250 3043 im
1279 2969 1367 3046 relia
1387 2971 1468 3046 sunt
1493 2973 1663 3070 opuscula
1685 2975 1745 3049 in·

118 3083 177 3147 ter
191 3070 306 3146 libros
321 3083 411 3147 nota
421 3071 507 3146 anni
523 3065 798 3166 &typographi
814 3077 983 3141 carentes
1000 3063 1172 3141 Faiieicull
1187 3065 1213 3140 l.
1272 3065 1317 3142 N.
1329 3067 1520 3150 XXIX..&
1536 3070 1741 3148 LXXXIX.

14 3243 15 3246 .
117 3167 286 3246 initiales
310 3168 447 3246 litterae
470 3165 689 3244 divisionum
721 3161 903 3262 majorum
934 3162 1036 3258 ligno
1071 3161 1261 3261 insculptae
1291 3163 1391 3241 sunt:
1422 3167 1630 3264 Titulorum
1650 3191 1741 3246 vero

14 3337 16 3342 ,
124 3267 163 3345 dr
191 3267 356 3366 capitum
389 3265 471 3344 lunt
491 3287 628 3363 parvae.
682 3264 911 3361 Signaturae,
941 3259 1127 3350 custodes,
1155 3263 1433 3360 &paginarum
1455 3267 1599 3342 numeri
1622 3269 1741 3342 omni-

14 3917 16 3922 .
116 3879 236 4130 {uene
259 3854 392 3932 notitia
412 3857 516 3954 typis
541 3855 727 3953 impreffa:
766 3851 872 3942 Liber
902 3851 1011 3927 lumen
1036 3853 1144 3928 anime
1173 3850 1278 3928 aluus
1295 3855 1444 3951 feliciter
1469 3856 1620 3956 explicit.
1675 3857 1747 3957 Qui

118 3389 168 3442 no
197 3363 337 3441 delum.
390 3362 629 3462 ter-superiori
654 3363 822 3457 margine
848 3357 1013 3458 cujusvis
1032 3361 1178 3458 paginae
1203 3374 1354 3438 notatur
1368 3361 1535 3457 Titulus,
1560 3363 1742 3442 charaite·

116 3485 158 3540 re
191 3460 413 3561 majusculo,
434 3485 466 3540 e.
509 3522 517 3537 .
544 3461 675 3536 Titulus
697 3459 810 3558 XLij.
884 3457 955 3536 Ubi
988 3459 1089 3535 tituli
1113 3457 1299 3549 definient,
1324 3461 1507 3560 incipiunt
1529 3464 1675 3562 capita,
1704 3465 1744 3539 in

119 3559 255 3660 quibus
291 3561 422 3639 ordine
460 3487 703 3660 afphabetico.
719 3563 824 3636 varia
856 3555 1134 3655 pertractantur.
1203 3558 1279 3634 ‘Sic
1308 3560 1429 3657 capite
1466 3561 1586 3660 primo
1621 3557 1746 3660 agitur

117 3663 164 3736 de
190 3655 402 3757 Abjeliione,
432 3661 520 3758 Cap.
542 3659 585 3734 11.
615 3661 661 3736 de
683 3655 842 3742 Albaue,
880 3655 969 3752 Cap.
998 3655 1060 3732 ΙΙΙ.
1093 3657 1140 3732 de
1167 3651 1377 3758 Alpinum
1398 3658 1468 3737 dac.
1550 3661 1744 3759 capitibus

116 3755 296 3857 praefixus
320 3756 371 3834 est
392 3758 506 3836 index
532 3757 734 3834 eorundem
756 3753 1021 3853 alphabeticus.
1067 3749 1135 3830 Ad
1159 3755 1299 3831 calcem
1320 3757 1520 3834 voluminis
1536 3757 1672 3856 legitur
1694 3759 1745 3834 s·
1878 3813 1881 3818 -

143 3957 215 4054 post
239 3950 405 4030 diutinam
434 3954 687 4031 occultationem
711 3952 829 4029 diuina
848 3961 1018 4051 cooperate
1041 3953 1182 4051 gratia)
1204 3962 1247 4028 ud
1264 3955 1337 4054 stne
1362 3977 1417 4030 ma
1441 3956 1495 4030 nie
1523 3951 1676 4032 laboribo
1699 3953 1746 4028 ad

137 4053 249 4148 andeg
284 4053 518 4148 omnipotentie
544 4051 616 4129 aet:
652 4049 797 4150 totiusq3
822 4046 1047 4150 ,triumphatis
1078 4050 1203 4152 ecclesie
1229 4048 1382 4128 bonorem
1405 3981 1446 4132 ἒ
1468 4053 1636 4131 decorem:
1662 4063 1744 4150 atq3

116 4154 153 4227 in
177 4152 337 4225 maiorem
354 4151 471 4247 Jecur
497 4151 614 4266 ipsius·
628 4149 807 4226 militantis
846 4149 973 4248 eceleste
1004 4148 1140 4248 morum
1172 4149 1348 4250 filiorum:
1397 4153 1522 4252 emulq3
1546 4151 1743 4228 utilitatem:

14 4329 16 4340 ,
110 4250 261 4362 stagneis
287 4247 528 4327 curcumitu:
553 4273 702 4350 murnum
733 4250 768 4324 in
798 4246 902 4322 lucem
927 4245 1180 4362 estproduliue.
1211 4349 1219 4364 ο
1249 4247 1399 4366 Annoqg
1433 4275 1457 4324 a
1484 4245 1773 4366 ammirantur
1836 4288 1841 4293 -

14 4379 15 4418 l
116 4346 296 4520 ΜἭΜ
316 4347 647 4462 ‘quadringentestmo
665 4345 905 4448 septuagestma
938 4359 1075 4520 memo.
1141 4345 1273 4423 Vltrma
1304 4345 1359 4423 dee
1385 4343 1565 4424 decembres
1579 4344 1744 4446 (summe

14 4453 159 4530 icti

221 4443 372 4546 ‘igiteo)
397 4448 554 4544 eaplems.
620 4447 766 4524 Eodem
802 4467 899 4521 anno
1001 4443 1126 4522 tonius
1155 4445 1254 4542 Scrg
1284 4447 1396 4522 aliam
1423 4445 1594 4546 ejusdem
1621 4447 1750 4546 operia

14 4597 15 4662 3
116 4546 324 4623 editionem
346 4541 524 4646 Augustae
547 4545 660 4626 Vind.
688 4543 922 4646 procuravit.
952 4564 1035 4642 quae
1066 4543 1250 4643 completa
1274 4543 1324 4622 est
1350 4545 1455 4621 tercia
1474 4544 1591 4652 menste
1603 4541 1643 4648 se
1680 4571 1746 4620 em-

880 4639 967 4754 ‚Ba
1613 4640 1719 4756 bees.
1760 4641 1762 4645 ’

1851 4875 1881 4988 l
