3790 5030
738 221 1061 350 ψ
1128 225 1145 242 “
1295 255 1301 264 ·
1659 265 1716 358 aa

80 433 220 529 Vlll.
257 435 484 526 Guilielnri
508 403 697 526 Duranti
720 433 944 550 speculum
969 369 1198 549 ¹Juciiciule
1234 455 1336 527 cum
1370 429 1635 550 Repettorio
1663 432 1711 524 in

196 554 314 640 idem
334 550 693 656 &additionibus
719 549 929 664 Johannia
950 554 1144 643 Andreae
1164 551 1209 644 bt
1237 547 1377 642 Baldi.
1453 547 1609 656 Paduae
1634 575 1713 666 pet

197 665 301 784 Joh.
328 665 539 782 hlagnum
566 671 621 756 de
642 665 928 780 seligenstadt
955 693 1081 796 1479.
1114 665 1238 762 Voll.
1262 697 1307 782 4.
1333 669 1378 758 in
1402 663 1443 756 F
1447 667 1509 763 ol,
1530 683 1672 786 magu,

102 869 106 878 '
246 859 447 940 Volumina
464 863 736 964 distinquuntur
752 863 905 961 praelixa
920 863 1125 955 unicuivis,
1149 877 1307 964 excepto
1322 866 1462 965 primo,
1488 864 1612 944 tabula
1632 886 1713 940 ma·

79 960 280 1046 teriarum,
309 960 493 1060 subjuniia
517 987 608 1041 vero
631 962 810 1060 peculiari
832 962 1110 1061 subscriptione,
1139 963 1344 1062 &registro
1360 961 1582 1042 chartarum.
1617 963 1709 1039 Por-

79 1083 121 1134 ro
148 1057 337 1136 Volumen
360 1061 521 1158 primum
548 1058 708 1138 nonulli
743 1063 998 1164 repertorium·
1013 1061 1306 1160 alphabeticum,
1331 1064 1371 1140 id
1398 1087 1487 1140 vero
1514 1059 1613 1154 sat'is',
1630 1085 1711 1139 am·

78 1157 204 1254 plum,
235 1157 286 1234 est
311 1157 501 1258 praesentis
527 1162 662 1259 operis.
715 1157 778 1236 Ad
803 1160 942 1238 calcem
972 1159 1081 1259 huius
1108 1160 1310 1238 voluminis
1338 1161 1476 1260 legitur
1500 1157 1710 1258 subscriptio

80 1255 254 1370 sequeus:
295 1253 387 1331 aaa
419 1256 562 1358 Patauii
594 1258 638 1335 i⁰
672 1283 753 1357 opus
787 1257 915 1358 iuclptri
949 1259 1069 1360 lougeq
1122 1258 1296 1360 expositu3
1327 1286 1371 1336 cac
1400 1261 1532 1360 officim
1561 1260 1712 1432 magistri

75 1349 245 1553 livam
261 1354 436 1457 filgcustat
462 1356 652 1435 audeamus
677 1355 838 1432 calendas
863 1353 1044 1434 decembris
1064 1285 1118 1436 il

1113 1382 1231 1435 acccc.
1246 1358 1386 1438 Lxxuii
1393 1363 1408 1434 ⁶.
1432 1359 1612 1458 imperante
1633 1361 1647 1432 i
1655 1365 1710 1432 lu·

106 1452 229 1564 rifflurp
248 1454 442 1552 ueuetiarug
468 1454 549 1532 duce
572 1455 640 1534 dria
663 1452 787 1562 oJ'ociue
809 1457 987 1556 mupnigo.
1039 1457 1113 1532 His
1127 1457 1168 1532 iu
1186 1458 1317 1536 eadem
1333 1385 1504 1534 columna
1518 1455 1711 1534 immedia-

81 1563 118 1624 te
144 1547 328 1650 subjuncta
349 1551 400 1630 est
422 1551 597 1655 Francisci
617 1555 659 1631 de
676 1554 818 1632 ucouelia
840 1555 876 1629 iu
904 1555 1054 1654 reptoriri
1071 1578 1098 1630 u
1109 1553 1151 1654 se
1172 1559 1251 1657 casii
1274 1560 1334 1632 utri
1350 1556 1446 1655 cpla'.
1498 1555 1554 1632 De
1568 1555 1708 1654 Reper·

82 1649 200 1735 torio,
223 1661 354 1747 utpote
375 1649 452 1748 jam
474 1671 571 1730 anno
590 1670 691 1756 21478
718 1652 905 1752 impresso,
933 1654 1104 1751 quaedam
1121 1652 1199 1729 dixi
1214 1583 1314 1730 arisi.
1332 1679 1364 1731 a.
1388 1654 1434 1732 Ν.
1451 1653 1571 1730 XXV.
1617 1657 1709 1743 Quae

85 1747 129 1820 ad
154 1745 296 1825 calcem
322 1751 471 1846 primae,
496 1752 684 1846 secundae,
708 1775 752 1828 ac
771 1752 894 1828 tertiae
919 1753 1057 1850 partis,
1082 1773 1167 1850 quae
1190 1752 1367 1851 posterior
1382 1776 1467 1830 cum
1481 1765 1586 1850 parte
1602 1773 1711 1851 quar·

84 1855 122 1920 ta
142 1867 219 1921 uno
242 1845 294 1922 est
319 1847 508 1927 volumine
544 1849 823 1950 comprehensa,
853 1850 1028 1946 leguntur
1052 1849 1349 1948 subscriptiones,
1378 1872 1434 1929 eae
1472 1851 1622 1950 quidem
1654 1849 1711 1925 lo·

86 1967 192 2030 cum,
224 1943 559 2046 &typographum
589 1947 841 2032 manifestant,
877 1972 1016 2026 annum
1046 1971 1134 2025 vero
1168 1948 1408 2047 impressionis
1432 1974 1507 2025 non
1529 1949 1709 2026 indicant.
1820 1947 1826 1960 '

81 2039 307 2139 Subscriptio
323 2060 447 2122 autem
461 2053 557 2142 parti
573 2049 681 2146 huius
698 2049 820 2145 operis
861 2060 990 2132 uartae,
1000 2047 1107 2144 eique
1122 2045 1266 2124 ultimae
1281 2045 1546 2146 adjeiiamulto
1559 2047 1709 2124 uberior

85 2139 143 2214 est.
197 2139 257 2216 En
278 2141 401 2219 illam:
428 2145 498 2220 Hic
515 2151 557 2248 est
568 2149 655 2244 fiais
681 2155 799 2245 quarte
814 2069 858 2223 si
869 2145 983 2220 ultime
1004 2147 1115 2238 partis
1130 2145 1260 2244 speculi
1283 2144 1411 2250 domipi
1439 2141 1624 2220 Guillreluu'
1642 2142 1707 2218 ‹iu-

87 2239 181 2313 tanti
200 2263 269 2314 rruu
292 2245 333 2315 cri
356 2239 550 2320 addito'ibus
572 2242 731 2350 Jouuuis
749 2242 890 2322 andree:
919 2241 961 2320 fii
983 2242 1046 2319 dui
1066 2240 1162 2319 baidi
1179 2243 1257 2344 ficis
1275 2244 1358 2320 locis
1380 2246 1589 2342 integerrime
1611 2242 1710 2317 collo·

90 2339 174 2412 catis
204 2337 245 2416 Εἰ
272 2337 466 2442 distributis.
520 2343 564 2442 Sp
588 2343 650 2419 hoc
675 2350 744 2420 urui
759 2344 853 2438 scias
876 2349 987 2442 iptor:
1011 2340 1075 2418 tac
1099 2342 1222 2442 ultima
1234 2342 1365 2442 speculi
1380 2344 1501 2438 scrrmci
1522 2349 1592 2417 oriar
1619 2341 1709 2420 aliar

95 2441 253 2518 uicederr
284 2444 493 2526 utilitate&
517 2448 716 2524 comoditate
741 2445 875 2525 habebis
899 2450 1005 2546 etrui3
1030 2445 1135 2531 libror
1157 2445 1399 2552 recidatifflmor
1416 2457 1468 2546 po'
1488 2446 1637 2552 maduit-
1645 2447 1709 2523 itis

90 2539 173 2615 adca
202 2544 384 2648 expolitos:
411 2557 449 2620 ut
465 2549 619 2649 magister
638 2545 800 2652 ,Joauuer
820 2553 945 2647 magu⁹
970 2573 1016 2622 cac
1039 2547 1206 2623 alemania
1233 2546 1274 2622 de
1287 2546 1421 2648 filigap
1475 2547 1543 2648 scra
1565 2572 1605 2622 ac
1623 2546 1708 2646 icip-

90 2651 125 2712 ta
162 2654 237 2716 arte
262 2643 440 2745 imortalcs
447 2643 563 2720 laudes
585 2645 706 2746 adept’
715 2647 826 2742 fucrit
847 2651 995 2744 quritaipg
1008 2649 1080 2747 fiat
1096 2641 1259 2744 pecteris
1280 2645 1450 2744 digniores
1476 2644 1590 2746 segida
1618 2644 1709 2720 diiu-

90 2737 203 2814 dicare
224 2742 395 2838 poteris..
427 2743 583 2842 Expletri
609 2747 746 2844 putauij
769 2743 849 2844 prlie
877 2771 983 2820 uorrur
1011 2747 1128 2820 maias.
1159 2745 1215 2820 M.
1240 2744 1468 2831 ccchxxix,
1532 2743 1708 2822 Ceterum

88 2837 169 2913 haec
194 2841 310 2915 editio
338 2841 490 2938 gothico
515 2843 722 2920 charactere
751 2844 978 2940 pereleganti
997 2845 1035 2918 in
1056 2843 1196 2920 duabus
1214 2843 1395 2920 columnis
1419 2843 1558 2921 chartae
1581 2842 1709 2918 sirmis-

89 2933 206 3024 srmae,
236 2935 297 3014 sed
316 2941 440 3015 minus
462 2941 556 3018 albae
581 2942 747 3040 impressa
771 2943 832 3016 eli.
883 2943 1037 3016 Litterae
1058 2940 1219 3019 initiales
1236 2941 1364 3018 desunt
1386 2942 1621 3039 plerumque,
1644 2964 1708 3017 cu·

91 3031 211 3110 stodes
240 3059 326 3112 vero
351 3038 390 3115 δι
415 3040 632 3136 paginarum
658 3040 860 3115 numeriae
880 3039 1134 3135 inscriptiones
1155 3038 1290 3115 ubivis.
1341 3039 1489 3116 Nullam
1508 3037 1617 3136 huius
1633 3038 1710 3114 edi·

91 3132 205 3208 tionis
232 3135 352 3232 reperi
375 3139 603 3214 mentionem
626 3141 723 3236 apud
746 3137 1049 3234 Bibliographos,
1078 3137 1140 3235 qui
1160 3135 1251 3211 mihi
1273 3137 1322 3214 ad
1346 3159 1479 3213 manus
1505 3136 1596 3212 sunt.
1647 3135 1710 3235 Jo-

92 3229 410 3330 hanuesmagnus
441 3233 486 3310 de
508 3233 739 3332 Siligenllat,
772 3236 849 3323 vel,
878 3251 921 3311 ut
944 3235 1076 3312 reitius
1099 3233 1265 3311 scribitur
1285 3237 1323 3310 in
1348 3234 1603 3330 subscriptione
1626 3256 1710 3333 par·

92 3327 310 3515 {igntertiga
355 3333 402 3409 de
430 3333 650 3433 Seligenstat
685 3338 784 3413 idem
810 3335 882 3412 fuit
906 3357 991 3412 cum
1020 3334 1185 3434 Johaane
1214 3333 1388 3412 Herbart.
1410 3333 1506 3411 cous.
1530 3331 1638 3455 N.lL
1661 3331 1709 3409 ad

167 3484 177 3503 .
209 3453 314 3527 140.

96 3645 173 3736 Ill.
207 3641 248 3736 F
251 3642 426 3734 riderici
447 3641 635 3734 Petrucii
648 3645 783 3757 vulgo
802 3639 1019 3731 Ftiderici
1045 3614 1100 3730 cle
1115 3637 1244 3729 Senis
1267 3640 1455 3731 Confilia
1480 3665 1579 3730 cunr
1597 3639 1709 3755 ejus·

213 3763 311 3850 dem
344 3757 556 3847 Troilum
589 3761 643 3848 de
676 3758 1002 3850 Permutatione
1034 3755 1374 3854 Beneficiorum,
1440 3756 1593 3846 Romae
1630 3783 1710 3874 pet

214 3876 453 3987 Georgium
475 3873 592 3964 Laut
623 3903 738 3964 anno
773 3901 898 3990 1479.
922 3865 975 3976 ,in
1002 3868 1107 3960 Fol.

232 4157 236 4163 ,
256 4074 360 4170 Opus
386 4070 480 4148 istud
504 4072 654 4168 gothico
675 4071 880 4148 charaiiere
901 4067 1128 4168 pereleganti
1146 4067 1185 4144 in
1204 4068 1347 4146 duabus
1368 4066 1549 4144 columnis
1572 4067 1710 4146 chartae

97 4171 416 4274 praestantitsrmae,
444 4169 488 4248 ἀ·
504 4170 692 4248 latissimos
711 4171 897 4264 margines
919 4169 1069 4244 habenti
1091 4167 1300 4264 impressum
1327 4165 1387 4243 eli.
1435 4167 1571 4242 Desunt
1587 4164 1711 4240 initia·

96 4277 151 4351 les
178 4274 334 4357 litterae,
359 4268 546 4354 custodes,
577 4268 789 4365 signaturae,
819 4267 1035 4362 paginarum
1060 4266 1203 4344 numeri
1230 4267 1270 4345 δι
1292 4264 1490 4340 earundem
1509 4262 1711 4358 inscriptio-

96 4395 177 4448 nes.
226 4371 267 4444 In
291 4369 415 4443 fronte
437 4366 638 4442 voluminis
664 4368 798 4462 legitur
821 4363 895 4439 Hcc
919 4367 958 4464 esi
989 4363 1222 4538 tabulasupcr
1244 4359 1520 4464 disparitatiouibur
1541 4358 1713 4472 questioni·

98 4468 158 4545 laur
185 4465 225 4546 si
252 4464 406 4558 Coufiliir
431 4463 558 4538 domiui
584 4463 755 4540 Freclerici
775 4461 818 4538 cie
840 4461 937 4539 Senis
957 4487 1017 4561 per
1042 4466 1105 4539 tita
1121 4487 1157 4538 os
1182 4461 1405 4538 decretalium.
1472 4457 1524 4533 Et
1539 4481 1650 4556 pruno
1672 4453 1714 4534 dc

97 4555 396 4671 constitutionibus.'
424 4559 588 4706 Rubricu.
641 4565 774 4663 Implet
792 4563 874 4641 haec
889 4563 1014 4641 tabula
1032 4563 1121 4640 folia
1145 4562 1318 4660 quinque.
1373 4556 1477 4636 Folio
1493 4555 1714 4753 [exiiiirirus
