3794 5028
61 229 558 334 '184‘'
831 189 1158 337 ᾧ

185 405 446 516 polianus,·.ab
466 403 669 504 eodemque
688 394 874 513 Abbatiis
886 393 1107 502 Elvacensie
1138 397 1449 502 liampidunenli,⁸
1478 399 1525 482 dc
1537 399 1578 479 S.
1598 383 1799 480 Gallil'uo·

187 503 315 591 c'essive
339 497 545 588 Pteleum
564 499 716 596 mndem
737 519 835 576 circa
862 519 1000 578 annum
1023 515 1104 596 890.
1128 497 1411 582 constantiensis
1429 499 1628 600 Episcopus
1651 513 1799 578 creatus

184 611 255 696 est,
281 631 355 708 quo
378 593 534 704 quidem'
548 599 587 675 ln
606 611 758 674 intinere
780 588 882 672 'anno'
902 621 982 693 qno.
1007 598 1108 674 diem
1127 593 1332 692 supremum
1369 597 1473 675 obiit.
1516 599 1611 673 cons.
1645 597 1795 674 Ceillier
1882 629 1883 698 i

185 705 334 810 Ηφοήι
355 697 513 804 ματαία
540 694 764 785 deaeumrr
772 688 898 794 samis-
917 693 959 772 8
989 691 1252 798 Eccsrfiafliqaes
1278 709 1369 771 tom.
1402 721 1458 794 iq.
1490 717 1572 794 pag.
1595 719 1686 890 Ῠέἕυ
1701 694 1794 791 seqq.
1882 699 1883 712 ¹

184 799 407 888 Idemvero'
424 795 548 872 ausior
570 793 759 878 adfirmat,
785 789 1023 880 Glossarium,
1048 793 1108 870 seu
1127 792 1420 882 vocabularium,
1443 795 1490 870 de
1527 817 1575 870 uo
1689 815 1798 878 imur,

183 897 352 995 non-esse
375 893 605 977 Salomonis,
633 889 693 967 sed
711 888 824 1003 isonis
849 890 1024 1003 Monachi
1043 891 1092 968 ad
1114 889 1161 978 S„
1175 891 1342 982 Gallum,
1383 891 1447 988 qui
1468 815 1681 984 Sssomonis
1713 889 1794 964 Ma·

183 1001 294 1102 gister
312 993 469 1080 exstitit,
494 991 534 1071 di
553 989 695 1064 Glolias
718 1009 757 1064 in
777 987 1019 1064 Pmdentium
1040 987 1106 1064 scri
1132 986 1185 1064 sit.
1238 983 1339 1066 Ante
1364 988 1478 1087 ipsum
1501 989 1602 1065 idem
1625 985 1799 1062 adlirma·

182 1102 242 1186 ¹rit
262 1098 324 1174 Du
344 1093 471 1188 Cange
493 1091 533 1166 in
553 1086 760 1182 Prasotioae
783 1079 833 1159 ad
862 1081 1067 1186 Glofflirium
1134 1111 1235 1187 ,42,
1273 1085 1312 1165 dr
1338 1086 1378 1161 in
1401 1086 1565 1162 indiculo
1586 1085 1797 1168 ausimum,

181 1191 365 1294 &plmes
388 1189 464 1268 alii.
526 1185 668 1263 Verum
695 1180 759 1282 qui
779 1182 995 1282 piaesentem
1020 1185 1165 1260 curarit
1188 1183 1390 1272 editionem
1415 1182 1540 1260 aulior
1565 1202 1797 1278 anonymus,

182 1292 382 1375 trecentis,
425 1287 465 1367 di
491 1281 653 1398 amphus
680 1279 789 1356 annis
810 1303 879 1356 nos
906 1293 1018 1360 aetate
1040 1279 1275 1378 praecedens,
1314 1282 1352 1357 in
1382 1277 1534 1384 Epistola
1597 1279 1798 1364 cliboticr'n,

234 1415 294 1466 am
317 1398 446 1473 vocat,
473 1404 576 1482 operi
598 1375 752 1478 praelixa
774 1376 865 1453 illud
892 1377 1143 1455 incunctanter
1163 1378 1293 1455 tribuit
1320 1378 1511 1462 Salomoni
1562 1375 1795 1454 onstantiensi
1883 1395 1884 1412 ¹

182 1417 383 1588 {biscopm
411 1481 511 1559 nulla
530 1477 643 1554 isonis
658 1475 756 1570 ,fasta
775 1467 975 1580 mentione.
1026 1474 1129 1554 Idem
1150 1465 1387 1552 Salomonem
1409 1473 1517 1575 hujus
1537 1475 1648 1551 lexici
1672 1475 1798 1551 ausle-

181 1612 262 1665 rem
285 1580 446 1682 adpellat
469 1575 678 1680 Salomonem
705 1571 814 1670 hujus
839 1572 1000 1660 nominis
1014 1571 1207 1670 sewardum.
1253 1573 1419 1650 Tertium
1446 1574 1494 1650 ad
1520 1571 1651 1668 ellavi,
1693 1595 1797 1648 com·

178 1684 388 1764 muniorem
407 1675 626 1756 sententiam
649 1671 828 1749 secutus·
860 1665 936 1746 Sed
959 1671 1137 1769 quidquid
1159 1671 1206 1748 de
1220 1670 1331 1769 hujus
1344 1669 1426 1748 libri
1442 1595 1587 1747 augore
1608 1661 1671 1758 lit,
1699 1691 1797 1768 prae·

179 1778 367 1880 semeias
392 1777 528 1860 editio,
548 1772 646 1849 forte
665 1770 794 1854 unica,
821 1767 872 1844 est
895 1767 1080 1846 rarissimis
1102 1768 1206 1846 libris
1227 1768 1459 1846 accensenda
1518 1767 1648 1852 Exstat
1666 1781 1803 1862 tamen,

179 1878 260 1958 e‘us
281 1875 469 1972 exemplar
492 1871 607 1950 etiam
627 1869 668 1944 in
689 1865 920 1960 Bibliotheca
942 1861 1158 1944 Academiae
1178 1861 1394 1954 Altorlinae,
1423 1867 1470 1944 de
1492 1889 1585 1965 quo,
1608 1868 1665 1942 uti
1679 1866 1798 1942 etiam

179 1903 226 2053 ‹se
254 1974 401 2052 autiore
428 1970 570 2068 operis,
607 1963 845 2066 ejusdemque
877 1963 1089 2041 oeconomia
1117 1961 1229 2040 iulius
1266 1965 1344 2062 agit
1384 1965 1430 2042 cl.
1453 1964 1651 2042 Humelius
1676 1969 1715 2040 in
1741 1971 1795 2040 arr

179 2097 281 2150 neuin
313 2069 509 2160 ffiibslotsris
541 2083 606 2142 oon
636 2067 787 2150 sistram,
826 2065 891 2138 aiio
915 2059 982 2154 silit
1004 2065 1135 2152 siluam
1160 2061 1319 2153 ibidem
1341 2085 1398 2138 ie·
1413 2063 1525 2146 &uid
1551 2085 1614 2162 7.·
1663 2063 1793 2150 Quare
1884 2095 1885 2102 κ

175 2171 386 2248 breviorem
419 2165 510 2242 mihi
537 2162 625 2239 licet
654 2159 733 2250 esse.
807 2158 1017 2254 Impreisum
1046 2161 1098 2237 est
1126 2159 1221 2236 iliud
1249 2182 1343 2256 opus
1374 2161 1414 2236 in
1438 2161 1580 2236 duabus
1603 2159 1793 2236 columnis
1884 2167 1885 2174 '

174 2270 315 2348 chartae
339 2283 506 2363 magnae,
533 2257 572 2337 di
599 2255 824 2342 firmissimae,
851 2254 985 2354 ansplis
1005 2256 1185 2335 instrullae
1207 2258 1454 2354 marginibus,
1479 2251 1687 2335 charasie're
1708 2279 1794 2355 per·

174 2363 347 2464 eleganti.
428 2345 763 2468 interpontiionum
785 2351 885 2524 siqqia
898 2357 980 2467 ‘duo
1003 2345 1230 2469 ‚ocburruiin
1266 2353 1440 2470 puhshim
1464 2355 1618 2443 scilicet,
1651 2353 1791 2434 &duo

201 2463 318 2540 unita.
368 2459 462 2535 Haec
491 2469 616 2530 tamen
638 2474 768 2528 rarius.
855 2447 1020 2530 arilsimae
1049 2464 1164 2528 etiam
1191 2452 1272 2529 sunt
1293 2453 1573 2530 abbreviaturas.
1630 2453 1793 2530 Litterae

10 2529 11 2568 Ν
172 2560 336 2637 initiales
358 2557 458 2654 ligno
482 2551 689 2646 insculptae,
715 2547 923 2660 &floribus
941 2561 1102 2638 ornatae,
1132 2549 1266 2648 abipso
1283 2553 1517 2650 typographo
1539 2547 1691 2647 adjesiae
1707 2550 1792 2627 sunt

11 2753 12 2758 Ἰ
171 2656 320 2734 inclusae
343 2648 613 2755 quadrangulo,
651 2646 750 2743 quod
767 2645 961 2721 altinidine
975 2648 1108 2723 ubivis
1133 2645 1212 2725 sere
1235 2647 1422 2746 impressas
1449 2647 1646 2724 duodecim
1666 2648 1790 2726 lineas
1885 2729 1886 2734 ,

171 2753 236 2842 sibi
256 2751 489 2830 succedentes
513 2747 695 2842 adaequat.
759 2741 843 2818 Hoc
868 2765 957 2818 vero
977 2743 1023 2820 de
1043 2743 1178 2822 litteris
1205 2745 1256 2821 esi
1283 2745 1584 2842 intelligendum,
1622 2746 1687 2821 ubi
1711 2748 1789 2844 pri·
1885 2773 1886 2784 ¹

11 2899 12 2944 y
171 2875 235 2928 ma
258 2851 340 2928 vice
369 2850 408 2924 in
432 2845 561 2920 ordine
582 2839 765 2938 alphabeti
789 2853 998 2917 occurrunt
1050 2841 1212 2920 Easdem
1238 2866 1328 2920 vero
1349 2843 1484 2919 iterato
1509 2843 1720 2942 ponendas,
1748 2841 1788 2922 di

11 2961 12 3000 l
170 2971 309 3026 novam
333 2946 549 3022 inchoantes
574 2939 764 3015 lethonem
792 2937 1045 3036 typographus
1074 2937 1205 3016 omisit.
1274 2939 1412 3018 Desunt
1433 2942 1547 3016 etiam
1570 2941 1695 3016 ubivis
1723 2965 1788 3018 cu·

119 3080 124 3089 ·
169 3047 310 3133 stodes,
347 3042 560 3142 signaturae,
601 3036 817 3134 paginamm
838 3036 981 3110 numeri
1004 3034 1044 3115 di
1064 3037 1330 3134 inscriptiones.
1409 3038 1603 3116 Columnae
1631 3061 1785 3126 omnes,

11 3187 12 3208 ι
169 3155 352 3246 quotquot
372 3135 582 3221 numeravi,
607 3135 723 3210 lineas
745 3129 930 3230 impressas
950 3154 1007 3227 55.
1027 3156 1112 3210 com
1136 3134 1326 3212 lesiuntur.
1376 3135 1491 3232 Signa
1506 3135 1682 3212 chartarii
1703 3135 1787 3212 sunt

168 3245 284 3342 plura.
357 3237 532 3316 Omnium
551 3227 833 3330 frequentissime
861 3231 1021 3304 occurrit
1052 3157 1149 3318 ross,
1174 3231 1254 3320 seu,
1279 3231 1466 3321 simavis‚
1492 3231 1561 3310 llos
1585 3231 1700 3320 alius,
1729 3237 1787 3310 di·

168 3337 282 3418 versae
304 3332 590 3434 magnitudinis,
616 3352 684 3404 nec
706 3325 885 3423 aequalem
908 3325 1047 3402 habens
1069 3349 1264 3406 numerum
1277 3330 1461 3406 soliorum.
1514 3333 1611 3419 Quae.
1621 3329 1787 3429 majores

12 3397 13 3430 ³
167 3437 254 3513 lunt
278 3433 390 3521 rosae,
413 3431 493 3507 osio
513 3423 636 3504 ubivis
649 3425 727 3502 sere
744 3423 881 3500 habent
902 3423 1012 3499 solia:
1038 3425 1201 3504 minores
1225 3425 1362 3526 septem
1381 3427 1547 3505 constant
1567 3427 1689 3516 foliis,
1715 3453 1787 3507 nec

12 3577 14 3624 2
165 3533 306 3630 semper
330 3529 410 3606 stilo
431 3528 513 3605 sunt
530 3521 730 3608 instrudae,
758 3521 873 3596 immo
897 3522 1018 3598 rarius
1038 3521 1158 3600 stilum
1182 3523 1383 3614 observavi,
1438 3523 1500 3604 Sae
1525 3549 1547 3603 e
1573 3528 1689 3603 etiarn
1719 3551 1785 3603 oc·

12 3633 13 3686 l
165 3631 283 3708 currit
303 3650 389 3705 uva.
453 3623 544 3711 Ter,
572 3623 611 3698 ni
635 3618 765 3705 fallor,
790 3629 855 3694 aut
878 3633 1007 3715 quater
1032 3620 1221 3698 observavi
1244 3621 1430 3718 strigilem.
1531 3625 1606 3700 mel
1633 3637 1787 3701 tantum

165 3729 245 3806 vidi
265 3721 511 3822 triangusum,
537 3717 642 3795 cu'us
665 3713 763 3792 basin
791 3704 913 3791 stilus
931 3718 1131 3796 admodum
1156 3718 1290 3816 longiis
1317 3721 1357 3796 in
1382 3719 1500 3798 rosam
1526 3719 1693 3798 desinens
1728 3721 1783 3799 le·

163 3839 225 3904 cat
251 3823 424 3901 mediam.
475 3818 531 3894 CL
587 3814 743 3890 amelius
764 3812 834 3889 loc.
849 3814 912 3891 cit.
953 3837 1011 3912 ag.
1026 3820 1109 3914 33⁶·
1133 3817 1207 3893 duo
1224 3829 1372 3894 tantum
1384 3833 1654 3896 commemorat
1672 3819 1782 3896 cliai·

162 3925 248 4002 tarsi
269 3917 452 4019 signabis
479 3914 621 3994 verbis:
661 3915 754 3996 bos
788 3913 866 3990 rtur
900 3835 952 4006 ils
977 3917 1055 3992 rina
1082 3910 1404 4018 sebrnbldtraeriqr
1430 3916 1579 4002 asiana
1601 3937 1653 3996 ari
1673 3921 1780 3998 ciam

13 4071 14 4126 ;
162 4023 302 4122 leopati
327 4015 463 4104 eris,
490 4015 568 4094 bos
592 4010 827 4122 inseruire
850 4007 1050 4124 &mepte
1091 4011 1191 4100 'Quae
1216 4035 1302 4088 eum
1322 4013 1488 4092 inlibris
1508 4013 1732 4113 quibusdam
1756 4037 1781 4091 a

13 4129 15 4160 ³
159 4121 273 4236 Retro
299 4112 500 4226 Schaeiserp
528 4111 734 4222 Mogqnuae
766 4103 941 4203 impressis
969 4121 1107 4204 pariter
1139 4123 1356 4224 occurrant,
1389 4113 1477 4190 inde
1498 4111 1670 4210 conjicit,
1697 4113 1779 4189 edi·

13 4373 15 4380 .
156 4233 308 4396 sia
327 4202 1470 4404 immmsdriiiffiriisiiiidiliram
1513 4207 1777 4406 ssim

156 4415 227 4505 else
250 4411 417 4498 firmum,
458 4428 546 4486 cum
575 4403 699 4506 plures
727 4399 951 4500 typographi
980 4401 1111 4478 eadem
1133 4403 1190 4480 uti
1213 4401 1344 4480 charta
1367 4407 1577 4506 potuerint,
1612 4401 1777 4598 &iden-¹

180 4553 182 4558 ,
989 4559 1013 4759 J
1659 4525 1725 4601 po·
