3790 5030
750 207 1098 370 ἐξ
1659 195 1797 351 25.

88 431 248 516 litterae,
280 425 471 514 custodes,
501 422 719 523 agnatum,
756 421 810 502 dr
845 439 1000 504 raeterea
1034 423 1177 504 numeri
1211 424 1439 524 paginarum.
1513 428 1556 520 In
1590 431 1715 512 sronte

119 529 226 602 rimae
257 529 423 624 paginae,
449 525 580 623 primae
603 521 738 635 itidem
770 447 955 602 collumnae
990 525 1072 602 haec
1106 525 1217 602 verba
1246 525 1446 620 leguntur:
1491 525 1536 602 In
1561 519 1633 608 noia
1655 533 1718 609 dai

87 550 174 730 &aa
201 624 276 722 Ksi
305 623 439 699 Amen:
464 622 589 720 Iocr'pit
605 616 736 717 liberq
766 617 866 696 dicia*
878 623 1137 722 supplamitum,
1162 621 1311 698 summae
1340 622 1384 698 sc.
1401 619 1600 704 Pisanellae.
1653 631 1713 706 In·

87 721 239 822 terjesio
262 724 378 817 spatio
397 745 516 796 vacuo
540 716 697 794 auiioris
720 719 851 816 incipit
873 721 1170 818 praesatiuncula,
1198 743 1309 817 quam
1332 721 1371 796 in
1393 721 1523 798 eadem
1544 725 1716 805 columna

87 823 306 898 immediate
336 819 476 915 exdipit
501 816 712 914 ipsumhoc
737 812 886 894 lexicon
913 818 1143 916 alphabetico
1171 819 1300 896 ordine
1324 818 1586 917 compostum,
1622 826 1661 904 dr
1691 848 1716 904 a

88 939 184 996 voce
204 913 326 994 Atlas
349 916 544 1014 incipiens.
595 914 638 990 ln
661 912 734 990 fine
752 915 920 992 adnexus
946 917 997 992 est
1021 916 1135 994 index
1159 910 1411 1015 alphabeticus
1434 941 1570 997 vocum
1593 919 1644 999 sm
1696 963 1714 985 ·

88 1016 229 1103 larum,
272 1018 318 1093 de
342 1015 474 1112 quibus
502 1016 542 1089 in
562 1011 685 1089 lexico
711 1012 906 1108 agebatur,
946 1014 1066 1090 tribus
1089 1014 1189 1090 foliis
1213 1011 1389 1112 improlis
1420 949 1712 1115 comprehenitsss.

87 1111 287 1192 Accedunt
322 1111 481 1212 denique
504 1109 677 1204 Canones
704 1111 1010 1208 poenitentiales,
1052 1109 1275 1188 verbotenus
1309 1113 1461 1192 extrasti
1494 1131 1543 1192 ex·
1574 1115 1714 1197 summa

92 1210 246 1289 Aliensi.
301 1209 363 1286 Ad
385 1211 525 1290 calcem
550 1210 683 1284 horum
711 1210 1054 1306 canonum-legitur
1078 1209 1228 1309 sequens
1250 1209 1478 1307 subscriptio:
1513 1211 1621 1290 Anno
1640 1215 1737 1299 diri.
1839 1317 1842 1330 Ι

91 1309 271 1410 Millestmo
294 1307 439 1408 quadris
464 1309 590 1409 itestmo
603 1307 843 1422 septaogrstmo
866 1307 989 1384 oliano.
1017 1305 1062 1384 lal'
1086 1307 1141 1386 rio.
1156 1333 1189 1385 o.
1210 1304 1323 1413 ffitlij.
1353 1307 1398 1386 Ia
1423 1309 1632 1414 Nurrbrrgo

87 1407 169 1508 pido
188 1411 361 1508 germanie
377 1335 631 1508 celeiratrffimo.
656 1401 717 1520 deo
740 1405 940 1506 auxiliante.
975 1401 1070 1504 opus
1092 1408 1295 1524 terminum
1316 1407 1463 1524 infigar..
1505 1407 1611 1486 Simo
1672 1439 1733 1490 αι

115 1509 249 1609 piratio
271 1507 316 1581 as
337 1501 504 1604 Pisonella
525 1503 585 1580 vul
608 1514 714 1578 anter
735 1501 915 1619 appellaui.
953 1513 982 1597 l?
1005 1501 1161 1580 Autome
1180 1499 1345 1605 koburger
1371 1507 1461 1620 psalt
1487 1507 1601 1605 oppidi
1621 1511 1712 1589 inco·

89 1535 145 1702 ἴῃ
160 1592 367 1782 1{infideli-tl
387 1599 567 1706 impffltm..
608 1605 672 1684 mit
686 1599 876 1700 selrcttrw
904 1603 1093 1700 integrum
1119 1601 1294 1680 volumen
1317 1603 1417 1680 folus
1438 1606 1616 1712 impressis
1640 1637 1712 1710 323

90 1727 159 1782 con
1690 1721 1695 1744 ¹

86 1913 223 2012 Vlil.
259 1909 515 2032 Leonbatdi
538 1908 594 2000 de
612 1905 754 1998 Utiuo
774 1905 881 2000 Ord.
900 1907 1037 2032 Praed.
1057 1910 1292 2009 Semrones
1319 1917 1375 2007 de
1400 1916 1585 2014 Studiis.
1617 1925 1711 2021 No·
1775 2027 1779 2034 ,

203 2031 426 2141 rimbergae
446 2052 526 2142 per
547 2026 724 2114 Auton.
751 2025 996 2155 Koburger.
1029 2045 1155 2143 1478.
1184 2031 1229 2119 in
1257 2029 1362 2122 Fol.
1404 2099 1406 2104 -

249 2221 292 2300 In
314 2213 439 2298 aversa
468 2219 579 2320 primi
604 2217 684 2298 folii
709 2222 842 2318 pagina
864 2221 981 2298 exstat
1001 2221 1145 2315 tabula,
1170 2223 1230 2306 seu
1250 2226 1363 2306 index
1382 2227 1600 2314 sermonum.
1635 2234 1709 2320 At·

95 2345 166 2424 que
190 2323 264 2400 hoc
284 2323 434 2419 quidem
455 2320 586 2396 solium
604 2319 750 2395 nonest
780 2335 1024 2397 numeratum.
1078 2319 1182 2400 Folio
1205 2323 1360 2404 secundo
1386 2327 1543 2406 editoris
1571 2333 1708 2432 legitur

88 2426 282 2523 prologus,
308 2441 418 2515 quem
440 2417 479 2494 in
498 2415 622 2492 aversa
675 2439 695 2492 a
725 2419 803 2504 ina,
835 2419 1006 2494 columna
1031 2435 1162 2516 quarta
1184 2425 1328 2522 excipit¹
1349 2422 1393 2502 In
1408 2427 1492 2542 festo
1518 2431 1707 2539 gloriostffi·

89 2526 133 2598 mi
156 2517 348 2619 consafforis
365 2513 474 2616 scandi
498 2510 635 2592 Leonor
659 2516 673 2590 i
694 2438 810 2611 inmo.
874 2518 986 2591 Caret
1007 2517 1089 2594 haec
1118 2519 1255 2609 editio,
1281 2523 1417 2602 litteris
1442 2527 1596 2615 iisdem.
1624 2536 1706 2631 qui·

87 2618 155 2698 bus
178 2616 394 2694 immediate
417 2617 631 2712 praecedens
659 2635 753 2712 opus
783 2611 968 2728 impressa,
1000 2614 1136 2694 litteris
1163 2617 1383 2711 initialibus,
1407 2624 1635 2718 custodibus,
1666 2634 1707 2713 dc

90 2719 298 2815 signaturis.
349 2713 472 2789 Habet
494 2735 584 2788 vero
608 2713 823 2810 paginarum
845 2709 1101 2809 inscriptiones
1123 2716 1162 2794 dr
1189 2715 1363 2797 foliorum
1385 2745 1571 2802 numeros.
1624 2732 1706 2809 Cir·

88 2841 132 2894 ca
155 2816 269 2891 linem
287 2811 469 2888 columnae
490 2808 612 2887 tertiae
634 2809 715 2886 folii
737 2809 921 2906 numerati
946 2829 1014 2885 ccx
1041 2812 1158 2890 exstat
1174 2814 1325 2912 sequeus
1344 2822 1496 2896 notitia:
1522 2821 1628 2900 Anno
1641 2827 1705 2908 In-

88 2915 281 2988 carrratdm's
302 2909 396 2984 disce
421 2907 595 3008 llHllrstmo
617 2905 935 3007 quadringentestmo
944 2907 1183 3012 sepluugestmo
1209 2905 1334 2991 oblano.
1418 2917 1598 2996 Undecimo
1623 2951 1701 3004 vero

85 3025 128 3102 is
154 3017 345 3117 Februarii.
400 3015 466 3112 Hij
492 3011 536 3118 &3
562 3017 667 3095 denuo
690 3015 828 3122 impreffl
839 3017 900 3129 sit
939 3043 1084 3096 marones
1105 3014 1308 3122 Narnberge
1338 3036 1367 3120 Β
1392 3028 1547 3106 Antonia
1572 3033 1700 3118 Cebar-

83 3147 145 3224 grr
166 3113 264 3218 (stc)
292 3115 404 3194 incold
423 3117 520 3216 'pffati
539 3115 632 3218 opidi
660 3119 715 3194 cui
720 3123 735 3169 ⁹
760 3121 823 3218 op⁹
844 3115 902 3200 ida
948 3115 1187 3216 insobrisudri
1213 3118 1250 3134 ”⁶
1266 3135 1388 3202 munte
1414 3127 1500 3228 finit
1513 3129 1648 3224 filicis,

207 3263 219 3272 -
456 3207 609 3294 Lousia
633 3214 846 3294 diuinitati
922 3214 1002 3293 loir
1018 3213 1093 3317 fine
1119 3241 1213 3320 semp
1227 3225 1331 3300 emili.

15 3525 16 3530 t
84 3431 163 3527 lli.
194 3435 236 3522 S.
258 3427 526 3546 Hieronymi
553 3432 653 3530 vite
676 3391 861 3524 Petrum.
893 3427 1321 3552 Norimbergaeanno
1351 3443 1478 3554 1478.
1502 3471 1583 3563 per
1604 3437 1727 3544 An.

201 3571 294 3639 ton.
311 3546 554 3660 Hoburger.
584 3545 629 3638 in
651 3539 692 3638 F
697 3551 756 3638 ol.
942 3565 960 3592 ²·
1537 3557 1553 3574 “
1633 3623 1644 3634 „

245 3743 289 3822 In
325 3743 450 3822 fronte
484 3742 685 3822 voluminis
706 3721 836 3822 'exstat
869 3735 983 3821 index
1017 3739 1269 3846 alphabeticus
1301 3752 1559 3850 materiarum,
1595 3756 1697 3843 soliis

82 3839 243 3960 quinque
274 3867 351 3918 non
386 3843 590 3956 numeratis
618 3841 919 3960 comprehensus,
958 3843 998 3922 dt
1029 3845 1069 3920 in
1100 3847 1241 3963 duabus
1272 3852 1475 3968 columnis,
1508 3874 1552 3935 ut
1581 3861 1697 3970 ipsum

82 3967 175 4116 ll?
190 3935 1352 4144 ..bibillaailllliistilibi...silH.³
1366 3952 1696 4135 arianista:
1742 3975 1745 3986 ’

46 4194 49 4205 .
80 4155 117 4216 te
142 4133 438 4236 praecedentibus
465 4137 637 4231 operibus
662 4137 765 4212 suere
787 4137 953 4248 adbibiti.
1020 4139 1163 4230 Desunt
1184 4145 1298 4222 etiam
1321 4147 1507 4240 custodes,
1535 4153 1695 4251 signatu·

79 4259 154 4324 rae,
181 4235 379 4342 &litterae
400 4229 574 4310 initiales.
633 4230 700 4310 Ast
724 4213 814 4310 lolia
843 4235 929 4312 ande
964 4257 989 4310 a
1018 4235 1178 4336 Prologo
1209 4241 1247 4318 S.
1278 4241 1499 4346 Hieronymi
1518 4275 1693 4330 numeros

15 4399 17 4422 ,
77 4327 234 4449 habent,
262 4333 302 4410 da
324 4331 578 4448 inscriptiones
595 4331 801 4447 impressasj
840 4353 932 4447 eng.
960 4319 1080 4412 Primo
1102 4361 1196 4455 pars·
1221 4331 1454 4516 Wtossrotrum
1480 4344 1565 4424 aaa
1586 4355 1692 4429 morie

79 4431 260 4531 Egrptaace
280 4427 393 4528 Laui.
467 4427 582 4506 Folus
619 4428 821 4528 impressis,
864 4453 985 4529 nsque
1012 4451 1219 4546 numeratis
1248 4461 1296 4518 vo
1312 4465 1428 4520 umen
1448 4445 1520 4520 hoc
1551 4449 1693 4535 constat

15 4569 17 4620 ;
79 4528 283 4628 ccxxxviii.
307 4529 416 4604 Circa
435 4523 548 4606 linem
567 4527 750 4610 columnae
768 4529 890 4609 tertiae
905 4527 987 4609 solii
1009 4530 1132 4612 ultimi
1150 4535 1286 4634 legitur
1301 4539 1541 4642 subscriptios
1581 4571 1691 4634 uens:

121 4627 293 4713 Seemider
308 4618 407 4728 Fasc.
423 4619 481 4708 II.
875 4622 911 4706 D
1579 4669 1645 4724 rao
1811 4647 1820 4658 “
