3790 5030
13 341 15 434 t
178 297 236 388 τι
562 266 564 274 ⁴
820 225 1203 363 ss

180 459 308 562 quales
327 456 461 535 ceteris
481 435 594 532 etiam
614 449 718 528 libris
736 448 886 545 singulis
909 450 989 525 sunt
1007 441 1205 545 'praeliata=
1258 446 1363 524 Folio
1382 449 1492 527 tertio
1517 447 1641 544 Incipit
1654 447 1787 545 senta·

179 565 304 638 tiorum
321 553 406 632 siber
415 554 529 653 prim⁹
554 549 595 625 de
615 551 753 651 misterio
775 547 948 622 trinitatis.
999 545 1207 642 lmprellum
1234 546 1283 622 esi
1306 547 1377 624 hoc
1400 569 1494 644 opus
1523 549 1673 642 gothico
1699 547 1787 620 cha-

13 667 17 750 l
178 657 317 736 radere
344 654 487 729 minuto
511 648 735 746 pereleganti
760 646 898 721 chartae
918 645 1118 719 admodum
1142 645 1282 720 nitidae.
1336 645 1472 720 Desunt
1495 644 1657 719 initiales
1683 643 1788 717 litte·
1884 643 1885 652 '

179 779 252 842 rae,
277 749 461 835 custodes,
489 746 701 843 signatume,
725 743 942 840 paginarum
958 742 1124 817 numeri·
1161 741 1199 814 lo
1226 739 1400 836 superiori
1420 763 1508 817 vero
1530 741 1697 834 margine
1712 740 1788 834 pri·

178 843 608 1040 aarurnhut
631 838 1225 1035 llartrttmhlt
1245 837 1391 1009 noult
1404 835 1788 1010 eraldum

12 1035 14 1086 ‘⁵
116 1098 118 1106 ι
177 1049 278 1126 idem
297 1046 392 1120 hanc
423 1039 566 1115 addidit
601 1038 790 1130 notitiam:
825 1032 1045 1109 Celeberrim⁹
1071 1055 1111 1106 ac
1127 1031 1339 1144 somofiffin⁹
1365 1029 1591 1128 theologicum
1607 1019 1715 1128 snin4
1735 1027 1781 1102 ii·

58 1175 64 1194 ⁸
177 1141 244 1223 ber.
283 1142 375 1240 mgri
394 1139 485 1236 petri
511 1131 694 1210 lombardi:
720 1131 819 1230 firm
850 1129 1010 1227 theologie
1040 1127 1183 1204 dederis
1212 1131 1337 1204 enrrnn'.
1389 1127 1495 1204 Anno
1521 1125 1582 1224 deii
1606 1125 1784 1224 Miliefimo

173 1239 464 1344 quadringitefinro
485 1230 695 1332 odnegestmo
711 1231 797 1327 pino.
860 1227 1018 1326 impensis
1040 1225 1186 1302 Antonii
1209 1223 1372 1324 iuburger
1390 1222 1591 1324 Nurnberge
1611 1222 1785 1326 imprgffm

174 1341 300 1420 decima
321 1335 376 1414 die
396 1358 473 1433 may
493 1331 579 1430 finit
593 1329 752 1425 feliciter.
776 1349 821 1402 ex
841 1349 905 1426 quo
928 1325 1005 1401 laur
1020 1322 1061 1404 i!
1086 1324 1200 1423 gloria
1221 1319 1292 1398 deo.
1440 1369 1444 1376 .

170 1615 258 1716 vl.
288 1603 447 1726 Jacobi
467 1597 705 1717 Januenfis‚
733 1592 806 1686 seu
826 1591 1084 1698 Geuuenis‚
1108 1595 1241 1709 vulgo
1263 1595 1317 1682 de
1335 1595 1544 1708 voragine
1561 1567 1783 1706 Legenda

283 1721 560 1823 Sanctorum,
591 1711 663 1802 seu
687 1709 983 1801 Lombardica
997 1706 1202 1805 Historia.
1254 1706 1550 1822 Norimbergae
1565 1733 1646 1824 per
1666 1728 1780 1803 Aut.

213 1935 215 1943 ,
279 1829 664 1966 Kuburger1481.
696 1821 869 1914 inFol.

342 2090 400 2168 De
428 2107 537 2182 opere
555 2079 681 2178 ipso&
695 2077 840 2153 austore
861 2073 952 2152 scitu
973 2076 1167 2154 necessaria
1191 2078 1269 2154 dixi
1286 2077 1334 2154 ad
1349 2099 1485 2156 annum
1513 2092 1616 2174 1478.
1645 2075 1691 2154 N.
1710 2075 1774 2154 IV.

170 2190 333 2279 Praei'ens
355 2186 470 2266 editio
491 2180 541 2258 est
559 2177 708 2275 gothico
732 2171 937 2286 charaster!
957 2175 1100 2250 minuto
1125 2177 1165 2251 in
1188 2177 1329 2252 duabus
1357 2175 1538 2250 columnis
1558 2175 1709 2262 excusa,
1735 2176 1776 2254 dt

168 2288 354 2397 praestanti
373 2285 510 2360 chartae
533 2271 709 2372 impressa.
761 2271 872 2347 Caret
890 2269 1093 2346 rnitialibus
1118 2273 1271 2358 litteris,
1296 2271 1521 2358 custodibus,
1551 2272 1589 2350 ἀ
1612 2271 1773 2368 signatu·

169 2396 235 2471 ria.
283 2383 348 2466 Ast
369 2385 407 2458 in
428 2373 602 2474 superiori
622 2371 787 2468 margine
806 2370 936 2466 primae
959 2369 1104 2464 paginae
1129 2369 1294 2466 cujusvis
1317 2369 1395 2444 folii
1422 2371 1673 2468 typographus
1698 2393 1776 2446 non

10 2479 11 2486 Ν
168 2490 280 2570 modo
304 2503 437 2560 nornen
454 2472 579 2558 santii,
603 2469 663 2547 vel
683 2467 782 2554 sesti,
810 2467 857 2542 de
911 2489 959 2540 uo
993 2465 1044 2542 est
1071 2465 1206 2554 sermo,
1230 2466 1289 2542 sed
1319 2469 1431 2542 etiarn
1466 2468 1543 2542 solii
1578 2491 1773 2543 numerum

10 2597 11 2666 ]
167 2583 375 2684 majusculis
390 2571 525 2653 litteris
545 2567 745 2660 indicavit3
771 2589 803 2642 e.
824 2587 859 2735 f.
922 2561 1068 2660 rfiand'o
1089 2562 1191 2644 Petro
1211 2565 1350 2638 martire
1366 2563 1427 2640 Fo.
1455 2561 1533 2640 Lvi.
1552 2601 1592 2622 ·-
1635 2563 1692 2638 De
1706 2591 1771 2638 aa·

10 2759 11 2770 .
41 2725 46 2740 ·
172 2687 302 2762 tinitotr
321 2679 382 2775 xpi
407 2671 468 2748 Fo.
494 2670 545 2744 ix.
619 2665 756 2740 Totum
778 2685 827 2738 vo
843 2683 954 2736 umen
973 2659 1074 2738 soliis
1102 2660 1276 2758 imprelhs
1302 2663 1420 2758 iisque
1448 2659 1650 2738 numeratis
1683 2687 1775 2738 con·

57 2847 65 2868 .
141 2783 238 2860 'stat
259 2771 453 2854 CLxxxiii.
513 2763 704 2842 Volumini
724 2783 813 2836 vero
841 2757 1034 2855 praesixum
1058 2757 1109 2833 est
1133 2759 1262 2833 solium
1285 2783 1357 2833 non
1383 2775 1634 2845 numeratum,
1659 2759 1769 2858 cujus
1883 2787 1884 2840 y

165 2876 291 2957 aversa
338 2871 447 2968 agina
463 2863 623 2940 indicem
645 2857 794 2934 exhibet
808 2851 905 2932 sano
926 2853 1012 2930 'rum
1034 2853 1073 2932 dt
1096 2853 1286 2941 festorum,
1312 2857 1504 2953 dequibus
1525 2857 1564 2931 in
1586 2857 1658 2931 hoc
1681 2881 1771 2953 ope·

9 2985 11 2996 ¹
164 3001 207 3056 ῐθ
237 2974 287 3050 0st
312 2897 436 3046 Kimo-
496 2956 559 3036 Ad
577 2955 715 3036 calcem
737 2977 825 3032 vero
848 2976 899 3058 vo
936 2953 1047 3028 minis
1070 2953 1193 3030 brevis
1216 2955 1296 3030 haec
1323 2955 1477 3029 habetur
1495 2955 1646 3030 notitia:
1672 2953 1770 3030 lsiait

165 3068 373 3152 lombardia
390 3060 523 3164 hiJsorr'o
540 3053 735 3164 pieridum
756 3047 924 3146 Anthoniy'
948 3047 1111 3148 kobnrger
1135 3048 1355 3148 Nurenberge
1374 3049 1525 3150 impreffle
1554 3049 1770 3150 Annosrilu-

164 3175 210 3250 tie
237 3167 292 3249 ii.
315 3165 434 3260 lxxxi.
466 3153 552 3256 ydus
571 3151 615 3230 to
638 3148 775 3256 Aprilis
801 3148 911 3224 tercio.
972 3147 1067 3223 Haec
1094 3147 1209 3224 editio
1232 3145 1395 3244 scriptori
1420 3145 1680 3236 recentissrmo,
1704 3151 1772 3248 qui

162 3273 281 3348 vitam
305 3253 527 3362 typographi
554 3248 760 3342 Koburgeri
788 3242 984 3321 vernaculo
1013 3266 1130 3342 nuper
1165 3243 1328 3321 sermone
1358 3245 1597 3341 conscriptam
1627 3247 1771 3335 edidit,
1882 3321 1883 3330 ξ

165 3368 358 3459 eidemque
389 3351 598 3446 catalogum
624 3344 801 3422 librorum
841 3340 1016 3418 alsobur
1042 3365 1104 3416 ero
1130 3342 1384 3440 impressorum
1400 3342 1586 3441 adjunxit,
1610 3343 1685 3418 suit
1708 3347 1770 3420 in.
1882 3339 1883 3350 ¹

161 3461 324 3560 cognita.
373 3453 458 3532 Vid.
481 3449 578 3559 tebet
599 3443 714 3521 aaron
735 3442 931 3555 'drimano
954 3477 993 3497 ·-
1016 3365 1171 3527 &return
1200 3447 1265 3516 aab
1296 3441 1415 3538 terena
1448 3445 1550 3540 ¹78⁶·
1603 3439 1769 3520 Videtur

163 3573 288 3636 tamen
311 3553 465 3630 eaodem
491 3545 693 3621 editionem
733 3561 809 3638 yam
846 3533 1032 3612 1ns1nuasse
1066 3535 1257 3612 Roederus
1282 3537 1319 3612 in
1341 3537 1520 3633 Catalogo
1544 3536 1641 3612 Libr.
1666 3539 1767 3618 Saec.

138 3657 246 3734 “XV.
273 3651 525 3740 Norimbergae
548 3634 795 3734 impressorum
824 3657 902 3731 pag.
932 3658 989 3710 21.
1023 3631 1071 3710 N.
1100 3635 1178 3730 146.
1256 3635 1362 3710 Licet
1390 3635 1578 3732 exemplar
1600 3635 1766 3714 Roedefj

160 3767 252 3830 nota
274 3749 361 3826 anni
384 3745 423 3823 dt
453 3736 674 3840 typographi
702 3731 880 3816 caruerit,
913 3739 956 3805 ut
980 3754 1028 3806 ex
1049 3730 1182 3806 notitia
1207 3731 1252 3807 ab
1276 3755 1320 3806 eo
1337 3733 1422 3806 data
1446 3729 1676 3808 manifestum
1700 3733 1766 3810 est.
1881 3741 1882 3818 j

160 3851 321 4024 Οροᾳὲ
343 3845 457 3944 igitur
478 3855 562 3916 rara
590 3831 659 3911 else
687 3829 931 3929 exemplaria,
965 3825 1009 3906 dt
1034 3827 1220 3926 plerisque
1244 3826 1369 3908 saltem
1403 3829 1679 3928 Bibliograplris
1705 3831 1767 3909 in.
1881 3863 1882 3918 ἶ

138 3971 270 4050 ,⁶⁰8OE
1273 3949 1278 3957 ’
1656 3978 1666 3996 .
1759 3945 1763 3952 ·
