3788 5034
164 469 236 544 His
259 461 418 543 versibus
439 451 592 559 subjecta
605 461 656 538 est
670 461 758 536 anni
783 469 873 536 nota
894 453 1270 551 MCCCCLXXIII,
1296 457 1335 542 dr
1358 453 1494 542 nomen
1516 459 1575 542 seu
1594 441 1776 562 typogra'
1889 447 1890 522 ἶ

164 567 227 664 phi
238 581 256 651 ,'
273 564 333 640 seu
365 559 601 658 Bibliopolae,
630 559 690 635 seu
722 556 958 646 contessoris,
988 557 1049 637 seu
1080 561 1230 639 demum
1254 559 1412 639 austoris
1435 563 1661 648 carminum,
1690 583 1772 658 quae
1889 609 1890 612 κ

163 665 276 740 modo
296 660 469 749 recitavi,
495 655 715 735 Leonhnrdus
736 654 843 750 Μ.
1484 675 1485 680 ¹

79 819 92 836 ἱ
162 867 250 959 III.
278 869 508 984 Augustini
529 865 784 982 Triumphi,
811 865 946 980 vulgo
980 868 1036 958 de
1064 855 1383 959 Anconn'ora.
1411 865 1559 960 Erem.
1588 865 1632 956 S.
1659 867 1773 981 Aug.
1889 905 1890 928 ι

179 990 184 1088 ff
266 982 444 1074 Summa
466 985 522 1072 de
543 983 829 1071 ecclesiastica
851 980 1080 1096 potestate.
1115 983 1320 1097 Augustae
1346 979 1484 1076 Vind.
1520 1005 1647 1098 1473.
1685 983 1775 1074 fine

268 1117 376 1188 nota
399 1097 678 1214 typographi.
706 1097 751 1184 iu
770 1093 876 1216 Fol,
1889 1125 1890 1152 ι

258 1291 376 1390 Typi,
402 1293 534 1392 quibus
567 1289 776 1388 impressum
798 1289 849 1367 est
869 1290 941 1367 hoc
969 1311 1082 1387 opus,
1118 1289 1199 1366 sunt
1230 1289 1361 1380 iidem,
1391 1314 1483 1389 quos
1520 1290 1774 1378 Schussiems,
1889 1303 1890 1310 ‘

159 1387 415 1486 Augustanus,
444 1389 712 1488 Typographus
747 1388 932 1475 adhibuit,
975 1391 1064 1463 dum
1094 1411 1191 1462 anno
1225 1413 1330 1489 1472·
1365 1391 1492 1502 Jacooi
1517 1390 1561 1462 de
1587 1389 1771 1464 Theramo

58 1473 128 1528 ’Ἀ
162 1485 449 1566 consolationem
467 1499 703 1585 peccatorum
722 1486 960 1582 imprimeret.
1017 1483 1120 1559 Teste
1142 1486 1198 1561 Cl.
1222 1485 1349 1582 Zapiio
1371 1510 1410 1562 m
1431 1483 1562 1560 Aranni.
1595 1483 1772 1584 Typogrnf
1889 1501 1890 1574 ι

153 1580 1774 1777 {listAlthllhtfh‘hhlhhzll⁶f³⁵s&ltiliinlisisinlisis·
1889 1587 1890 1614 ,

160 1779 268 1866 Quod
290 1777 315 1853 st
335 1780 448 1876 igitur
469 1802 559 1857 vera
583 1777 669 1855 esset
690 1776 898 1875 conjeiiura
913 1778 967 1852 Cl.
983 1777 1144 1861 Veithii,
1177 1775 1429 1852 Schilsslerum
1454 1801 1585 1874 nempe
1606 1775 1773 1854 nostrum
1889 1789 1890 1858 ῑ

162 1877 320 1950 eundem
342 1876 411 1952 else
434 1900 520 1951 cum
541 1874 771 1960 Schtlsslero,
799 1897 913 1972 aquo
937 1873 1064 1949 Abbas
1095 1873 1305 1949 Monasterii
1327 1873 1395 1961 SS,
1414 1875 1578 1950 Udalrici
1601 1873 1640 1950 &
1661 1868 1770 1950 Asrae
1889 1923 1890 1950 2

161 1971 342 2048 Melchior
358 1972 617 2084 ‘Stamhamius
645 1975 805 2082 quinque
840 1969 972 2083 praela,
1008 1970 1151 2084 aliaque
1164 1969 1342 2080 ‚utensilia
1371 1971 1649 2068 typographicae
1673 1971 1770 2045 artis
1889 1973 1890 2048 ξ

161 2064 657 2279 idiIigeliibiuriiemVMokdd
681 2067 758 2239 egro
776 2067 1632 2279 goslliidasiictirdrcdiastgapiislodugcirialiglteurrd
1646 2067 1775 2240 effic

161 2275 238 2360 ptis
263 2259 366 2338 surse
387 2260 617 2359 rmpreisum,
648 2283 817 2358 quamvis
837 2261 960 2337 utilius
981 2284 1129 2347 eorum,
1155 2285 1218 2358 qur
1239 2263 1286 2339 de
1307 2263 1410 2339 hbris
1439 2285 1479 2338 m
1499 2264 1571 2338 hoc
1589 2260 1773 2338 monaste·
1889 2287 1890 2332 i

162 2360 219 2435 rio
243 2359 296 2434 im
322 2357 418 2434 reffis
440 2360 667 2434 mentionem
689 2360 833 2450 secere,
861 2357 972 2455 hujus
995 2361 1116 2455 operis
1141 2362 1362 2436 meminerit.
1421 2359 1775 2436 conterventur
1889 2369 1890 2376 '

164 2381 346 2534 Diarriden
369 2453 410 2530 de
428 2457 557 2555 origine
577 2453 618 2533 sa*
640 2457 843 2530 incrementis
871 2457 956 2530 ortis
982 2453 1227 2554 typographico
1252 2459 1288 2530 in
1311 2453 1390 2531 urhe
1409 2455 1565 2560 Augusta
1591 2454 1773 2550 Wndesien
1889 2491 1890 2502 ι

160 2549 205 2654 §e
224 2553 304 2631 VII.
328 2553 367 2631 δι
394 2553 489 2631 VIII.
508 2554 546 2631 &
566 2553 661 2628 dista
681 2575 705 2627 a
723 2575 783 2628 me
810 2551 913 2647 supra
941 2554 988 2626 ad
1015 2577 1152 2628 annum
1176 2579 1278 2653 1472.
1314 2579 1350 2629 n.
1368 2553 1446 2630 VII.
1527 2555 1775 2630 Praemittitur

110 2729 143 2750 f
162 2651 265 2748 operi
288 2651 405 2726 index
432 2651 691 2748 quaestionum‚
722 2670 805 2746 quae
827 2650 867 2725 in
890 2672 935 2724 eo
959 2650 1243 2746 pertrahantur,
1274 2651 1515 2728 decemfoliis
1532 2653 1774 2748 comprehen-

161 2747 234 2823 sus.
282 2746 429 2823 Folium
446 2749 683 2827 undecimum
705 2769 863 2821 vacuum
879 2745 940 2822 est.
989 2746 1091 2822 Folio
1107 2759 1231 2822 autem
1253 2748 1471 2824 duodecimo
1494 2747 1774 2848 IncipitSnrmno

162 2841 347 2944 Augustini
369 2841 410 2918 de
428 2842 575 2922 Ancona
599 2842 641 2918 de
652 2843 755 2942 fimo
771 2846 925 2944 potestate
951 2843 1168 2946 eccsestoflica.
1229 2845 1385 2922 Litterae
1406 2846 1587 2934 initiales,
1611 2843 1773 2940 signatu·

162 2962 236 3027 rae,
264 2939 448 3029 custodes,
476 2942 692 3038 paginarum
718 2941 862 3016 numeri
883 2941 1017 3038 ubique
1041 2941 1178 3022 desunt.
1230 2941 1367 3018 Charta
1387 2945 1524 3018 munda
1550 2943 1601 3020 est
1620 2943 1659 3022 &
1676 2942 1772 3020 alba.
1889 3025 1890 3032 Ν

139 3115 148 3128 ,,
164 3038 349 3118 Chartarii
381 3035 522 3135 signum
548 3037 598 3114 est
622 3051 733 3135 caput
761 3038 955 3126 bovinum,
990 3036 1095 3136 cujus
1130 3040 1226 3114 inter
1257 3063 1417 3116 cornua
1425 3039 1525 3114 stilus
1549 3038 1698 3136 exurgit
1728 3041 1771 3117 in

162 3135 390 3232 polygonum
411 3135 594 3222 definens,
624 3135 669 3211 ab
699 3159 762 3212 ore
790 3149 914 3210 autem
946 3158 1038 3209 crux
1071 3135 1264 3212 descendit.
1326 3133 1388 3211 Ad
1410 3138 1549 3213 calcem
1570 3138 1694 3235 operis
1715 3137 1771 3216 le·

47 3237 51 3250 '
163 3237 300 3327 g'untur
324 3233 525 3328 sequenda:
566 3231 725 3329 Explicit
744 3231 878 3331 stimmo
899 3228 940 3304 de
962 3231 1043 3307 eccle
1057 3235 1167 3333 rustico
1192 3235 1347 3330 potestate
1379 3231 1469 3308 editu
1503 3259 1527 3308 α
1546 3235 1663 3330 fratre
1688 3232 1770 3310 An·

162 3331 291 3430 goslino
313 3326 353 3401 de
372 3327 522 3403 ‘Ancona
545 3327 673 3405 ordinis
685 3331 838 3426 fratrum
861 3327 1008 3427 himiln4
1043 3328 1130 3404 nulii
1142 3327 1333 3430 Augustini.
1383 3325 1544 3432 Auguste
1558 3329 1709 3431 impreffo
1728 3329 1772 3406 δι’

154 3431 261 3528 finito
280 3428 359 3529 pidir
377 3417 436 3507 n'dr
457 3433 598 3508 Marcii.
663 3431 769 3508 Anno
801 3419 1004 3508 incurnurois
1027 3431 1110 3532 Xpi.
1139 3432 1194 3507 M.
1219 3459 1291 3507 cccc
1315 3433 1454 3532 Lxxiij.
1526 3435 1652 3510 Editio
1686 3436 1771 3522 haec

162 3527 326 3604 omnium
341 3528 449 3628 hujus
471 3531 593 3628 operis
612 3529 816 3610 editionum
835 3530 954 3627 prima
971 3529 1032 3607 est.
1082 3526 1210 3606 Aliam
1230 3531 1420 3609 recensebo
1440 3533 1487 3609 ad
1502 3555 1646 3609 annum·
1663 3557 1769 3632 1479.
1889 3583 1890 3608 n

162 3741 251 3844 IV,
281 3745 493 3834 Alhertus
512 3741 701 3852 Magnus
729 3747 783 3834 de
801 3745 1019 3858 Mysterio
1036 3678 1196 3838 Missae.
1234 3747 1391 3848 Ulmae.
1414 3773 1512 3846 anu,
1540 3772 1665 3868 1473·
1689 3773 1772 3866 per

271 3857 515 3974 johannem
540 3857 697 3950 ZeInec
722 3861 776 3948 de
797 3858 1072 3974 Reutliugen.
1095 3862 1140 3950 in
1162 3859 1387 3953 Folium.

128 4095 130 4098 ·
256 4051 300 4128 In
320 4051 443 4129 fronte
466 4049 587 4147 operis
609 4049 803 4128 exhibetur
817 4052 916 4129 foliis
932 4065 1089 4151 quatuor
1104 4054 1228 4131 tabula
1241 4056 1491 4134 materiarum.
1541 4055 1645 4134 Folio
1662 4056 1771 4152 quin·

163 4163 203 4228 to
226 4150 340 4248 ipsum
372 4147 466 4246 Opus
490 4145 531 4226 de
555 4148 601 4224 mi
625 4149 692 4222 erio
714 4148 813 4250 miffl.
851 4149 994 4226 Domini
1010 4140 1083 4248 sris
1103 4149 1242 4226 Acheru
1255 4153 1403 4324 Mulgnr':
1424 4151 1589 4252 quondum
1607 4153 1771 4266 Episcopi

161 4247 407 4347 Rntr'sponenfis
434 4244 559 4342 Incipit
600 4245 733 4321 esicitrr.
782 4248 944 4324 Litteras
967 4249 1127 4326 initiales
1144 4246 1309 4346 magnas*
1332 4251 1418 4348 igno
1437 4252 1566 4328 Incisas
1588 4251 1633 4328 ab
1656 4253 1767 4328 initio

158 4346 236 4422 sere
258 4367 380 4440 usque
403 4343 451 4419 ad
473 4341 636 4418 medium
658 4345 909 4444 typographus
938 4347 1011 4444 Ipse
1035 4347 1247 4444 plerumque
1269 4344 1415 4447 adjecit.
1465 4349 1554 4426 Inde
1583 4371 1674 4425 vero
1699 4372 1765 4424 us·
1889 4385 1890 4396 ι

159 4465 231 4538 que
253 4443 301 4516 ad
324 4441 433 4515 finem
459 4440 497 4514 in
515 4439 635 4514 nostro
659 4441 807 4537 quidem
829 4443 1030 4542 exemplari
1043 4467 1156 4520 manu
1170 4443 1360 4543 adscriptae
1380 4444 1471 4522 sunt.
1498 4465 1503 4472 ·
1521 4445 1658 4522 Desunt
1671 4467 1764 4619 guo·

58 4639 62 4642 ,
160 4563 230 4637 que
246 4537 432 4624 custodes,
460 4535 671 4695 signatutae,
697 4540 913 4638 paginarum
941 4541 1096 4618 numeri.
1160 4541 1204 4619 In
1228 4541 1301 4621 fine
1325 4541 1407 4620 haec
1434 4543 1624 4642 leguntur:
1675 4567 1767 4714 ,5⁹⁸
