3790 5030
101 425 169 505 rllte
183 415 395 524 stemmatum
419 425 489 502 &c
542 423 636 503 'ssim
660 445 749 502 voro
773 427 905 503 notitia
935 427 1105 525 sequens:
1134 424 1198 500 Ex
1220 427 1350 524 officina
1372 424 1414 504 Θ
1433 425 1722 527 dututnlourci

102 522 314 623 hohmwuug
337 521 379 596 de
398 521 523 620 ellrt'giu
548 521 606 598 tec
618 521 753 622 stemma
775 522 904 626 basileci.
920 525 1025 624 super
1044 527 1146 600 tercio
1162 525 1375 599 decretalium
1398 551 1460 622 que
1482 525 1522 603 Θ
1544 529 1673 628 copiosa
1697 555 1718 606 a
1755 533 1764 544 '

101 625 228 699 §uriom
250 621 436 719 copiofitute
449 619 555 718 finito
577 625 629 794 tls.
652 620 759 720 asaltu
782 647 860 698 vcro
882 622 924 700 l!
948 625 1170 700 auxiliatione
1188 623 1356 722 clorifflmi
1379 625 1556 722 uiri-mgri
1577 622 1720 732 johan·

100 721 308 820 nirpr'storis
329 718 538 796 domininus
557 718 754 817 astruendi
788 722 835 796 mi
857 721 979 798 litteris
1000 720 1113 798 ahenis
1136 719 1301 835 imprrffa.
1350 721 1467 797 Porro
1493 723 1630 800 litterae
1652 751 1718 822 go-

103 819 247 894 thicam
269 817 406 894 habent
424 817 603 906 formam,
630 817 783 916 suntque
806 819 995 916 oblongae,
1023 820 1063 898 &
1084 819 1169 895 satis
1184 841 1361 933 pinques,
1388 817 1517 918 juliam
1541 820 1720 901 habentes
1884 847 1885 850 ‘

99 914 408 1011 magnitudinem.
461 913 598 991 Desunt
613 915 735 992 ubivis
752 915 938 1004 custodes,
962 917 1178 1014 signaturam
1203 939 1421 1015 paginarum
1436 921 1580 995 numeri
1605 919 1644 999 δι
1663 923 1720 997 in·

100 1014 339 1110 scriptiones,
363 1027 474 1110 atque
493 1013 605 1089 etiarn
629 1014 765 1090 litterae
786 1013 969 1102 initiales,
997 1015 1164 1114 exceptis
1187 1013 1302 1122 solum
1325 1015 1529 1094 initialibus
1543 1017 1721 1098 librorum

101 1133 188 1208 quae
215 1131 361 1206 magnae
387 1109 489 1198 fiunt,
513 1110 616 1226 ligno
637 1110 771 1230 incisae.
821 1153 825 1162 ·

268 1319 409 1400 Auliou
424 1320 536 1418 vulgo
567 1320 716 1418 quidem
739 1318 956 1410 Hostienfis,
982 1319 1041 1398 seu
1068 1318 1236 1398 ostienfis
1264 1321 1480 1420 adpellatur.
1524 1323 1632 1404 Unde
1655 1330 1720 1406 ad·

104 1418 258 1522 pollutio
284 1417 424 1498 Summo
446 1418 633 1516 Hodirnsts.
706 1419 792 1496 Fuit
817 1443 950 1516 nempe
1001 1421 1137 1495 timum
1166 1419 1315 1516 quidem
1350 1421 1657 1502 Emhrodunensrs
1683 1429 1723 1505 in

105 1520 333 1616 Delphioutu
353 1509 669 1604 Archidiaconus,
711 1517 859 1614 posthac
878 1443 1175 1614 Segeliericenfis
1200 1517 1329 1614 Episco
1357 1543 1419 1603 us,
1462 1533 1541 1595 tum
1568 1521 1723 1601 Embro·

107 1614 279 1695 dunensis
300 1612 628 1713 Archiepiscopus,
661 1615 810 1690 tandem
836 1615 882 1690 R.
911 1615 954 1689 E.
985 1615 1213 1700 Cardinalis,
1257 1615 1297 1691 &
1354 1615 1502 1716 piscopos
1527 1618 1722 1723 Hosticnsts,

107 1715 170 1792 seu
199 1711 360 1888 Ostiragr.
411 1711 450 1787 A
472 1711 706 1810 scriptoribus
728 1713 841 1790 variis
863 1710 924 1788 sub
949 1714 1062 1787 variis
1087 1713 1298 1787 nominibus
1322 1715 1525 1804 excitatur,
1554 1734 1597 1794 ut
1621 1721 1723 1798 Hon-

107 1815 211 1891 ricus
232 1813 279 1889 de
329 1809 468 1908 egusro,
508 1813 606 1908 quod
629 1810 744 1890 solum
773 1812 807 1885 ei
842 1809 963 1886 natale
995 1809 1074 1884 suit*
1097 1811 1134 1885 in
1148 1806 1370 1906 'principatu
1392 1811 1639 1892 Pedemoatiam
1661 1819 1726 1910 ad·

107 1911 267 2014 peliatu,
293 1909 478 1989 Henricus
502 1910 549 1986 de
575 1909 614 1987 S.
631 1907 918 1986 Bartholomaeo.
975 1907 1119 1990 Floruit
1142 1907 1236 1985 Saec.
1262 1907 1360 1986 XllI.
1389 1911 1587 2012 ferturque·
1603 1915 1726 1994 obiisse
1884 1913 1885 1918 ‘

10 2055 19 2070 ·
109 2033 210 2088 anno
237 2035 341 2111 127²·

273 2215 382 2305 Quod
406 2212 620 2314 praesentem
652 2213 787 2290 attinet
812 2183 891 2311 ejus
923 2213 1045 2314 operis
1071 2213 1289 2302 editionem,
1314 2214 1409 2292 nihil
1437 2215 1586 2314 quidem
1610 2215 1658 2294 dc
1683 2241 1729 2300 ea

109 2315 275 2414 reperire
297 2314 401 2412 potui
430 2315 526 2411 apud
546 2309 851 2410 Bibliographos,
878 2314 940 2409 qui
959 2313 1050 2387 mihi
1075 2312 1123 2386 ad
1146 2335 1276 2388 manus
1299 2311 1390 2390 sunt.
1441 2315 1498 2389 De
1519 2314 1593 2412 ipio
1612 2317 1725 2396 etiam

111 2415 368 2512 typographo,
403 2409 594 2488 Ludouico
620 2411 889 2506 Hochenwang
914 2409 959 2486 de
991 2408 1215 2506 Elchingen,
1241 2411 1356 2486 altum
1379 2409 1430 2489 est
1456 2413 1554 2514 apud
1576 2416 1728 2492 eosdem
1884 2409 1885 2414 ‘

112 2511 309 2588 silentium.
358 2511 437 2587 Nec
459 2532 531 2606 ego
550 2507 725 2584 hattenus
749 2509 949 2606 quidquam
975 2509 1021 2584 de
1045 2531 1089 2584 eo
1115 2506 1244 2584 rescire
1270 2510 1387 2608 potui.

115 2728 272 2827 XXVI
279 2729 312 2822 l
342 2725 569 2816 Dominici
600 2727 655 2813 de
681 2725 724 2813 S.
757 2650 1016 2832 Geminiuno
1048 2723 1213 2815 lettura
1237 2671 1281 2818 in
1305 2723 1535 2819 secundum
1560 2729 1732 2822 Partem

234 2845 363 2936 Libri
398 2841 478 2932 Vl.
504 2839 823 2935 Decretalium,
850 2915 854 2920 .
886 2841 1089 2940 Veneriis
1119 2867 1198 2953 per
1232 2839 1334 2953 Joh,
1372 2846 1428 2933 de
1465 2845 1732 2938 Colonia&

242 2957 343 3075 Joh.
369 2955 585 3082 Manthen
616 2959 671 3044 de
702 2952 996 3042 Geretzheim.
1034 2977 1157 3080 1477.
1187 2953 1301 3044 in'F
1305 2957 1364 3044 ol.
1506 2964 1510 2972 '
1759 2957 1764 2966 “

281 3153 475 3232 Letturam
497 3151 655 3236 tutioris
681 3149 846 3250 ejusdem
860 3149 907 3225 -in
928 3149 1084 3248 primam
1108 3156 1250 3264 partem
1277 3147 1368 3225 sexti
1393 3150 1634 3229 decretalium
1650 3149 1736 3231 libri
1777 3239 1794 3250 „
1860 3135 1864 3140 ’

123 3257 259 3334 itidem
282 3251 471 3338 Venetiis,
496 3249 554 3326 sed
577 3273 642 3346 per
666 3249 839 3363 Jacobum
863 3247 909 3325 de
934 3247 1079 3323 Roneis
1107 3245 1316 3362 impressam·
1338 3248 1498 3361 recensui
1527 3251 1579 3364 ad·
1596 3273 1735 3326 annum

123 3347 856 3551 zttrlnslhtsssttsthd
877 3345 1740 3558 {illidiislslddlltsh‘ihhmill?

124 3565 166 3627 ta
197 3547 248 3624 est
308 3546 391 3620 lane
420 3541 705 3640 praestantissima
731 3543 769 3620 δι
798 3539 1019 3638 amplilhnns
1045 3539 1213 3616 rustrusta
1239 3542 1477 3637 margrmbus.
1554 3542 1741 3620 Chartarii

127 3648 269 3744 signum
282 3569 365 3719 lunt
376 3640 518 3738 sagittae
529 3642 707 3738 geminae,
735 3641 895 3716 invicem
914 3638 952 3712 in
965 3637 1087 3748 medio
1106 3636 1366 3720 sebisecautes.
1417 3639 1581 3715 Initiales
1597 3639 1742 3716 litteras

125 3765 282 3844 parvas,
309 3741 351 3838 &¹
370 3739 572 3836 signaturas
598 3736 671 3836 ipse
692 3735 946 3836 typographus
970 3733 1117 3831 adjectt.
1184 3735 1360 3810 Custodes
1381 3758 1490 3823 vero,
1515 3739 1677 3825 numeri,
1703 3737 1742 3816 δι

126 3836 382 3936 inscriptiones
401 3838 618 3934 paginarum
640 3835 778 3912 desunt.
844 3837 885 3910 In
906 3829 1030 3908 aversa
1052 3830 1162 3927 primi
1186 3831 1267 3906 solii
1291 3833 1424 3928 pagina
1446 3834 1582 3930 legitur
1604 3831 1669 3909 At
1690 3859 1743 3909 rc·
1884 3891 1885 3894 ,

129 3937 356 4110 umemssffimu
389 3938 426 4051 ia
450 3931 567 4036 christo
587 3939 686 4048 patri
707 3929 748 4010 &
771 3931 906 4028 doming
929 3928 1080 4103 gumini
1103 3924 1245 4042 Jagobri
1264 3953 1384 4045 zenpm
1408 3929 1746 4105 Pf'esaser'pqffutuuij

128 4064 251 4212 aa
264 4033 517 4232 ‘testata
525 4025 934 4238 detentet,
947 4029 1453 4240 restituetur„
1460 4029 1745 4240 ‘sinitaut

10 4251 12 4294 ἐ
132 4233 328 4312 laudatum
349 4227 539 4325 praesulem
563 4132 675 4304 l'etro
697 4221 913 4320 albignano
927 4148 1110 4298 augore-m
1133 4221 1255 4308 suffe,
1283 4236 1326 4299 ut
1351 4245 1473 4320 operis
1495 4223 1595 4298 rsttus
1622 4246 1748 4304 emen·

10 4335 11 4342 '
131 4333 324 4411 dationem
345 4327 386 4402 in
404 4325 439 4402 se
464 4324 666 4422 susciperet.
715 4323 757 4399 Id
782 4341 917 4416 magna
941 4317 1133 4414 diligentia
1161 4319 1230 4396 ase
1249 4318 1384 4396 fastum
1406 4319 1474 4395 esse
1489 4319 1622 4395 Petrus
1640 4317 1749 4395 testa·

10 4419 12 4514 ᾗ
136 4445 217 4515 tur,
242 4426 442 4522 laudatque
478 4425 592 4500 etiam
617 4419 889 4520 typographos,
928 4416 1027 4514 quod
1057 4416 1168 4492 nullis
1203 4416 1403 4513 sumptibus
1426 4417 1517 4490 nulli
1541 4416 1658 4493 labori
1686 4439 1750 4514 pe·
1818 4507 1825 4514 ¹

10 4529 12 4608 ἶ
137 4527 343 4650 paruerint,
367 4535 412 4602 ut
432 4521 584 4671 pulchre
601 4519 640 4600 &
659 4521 853 4598 emendate
869 4513 1079 4692 imgrpssum
1102 4537 1195 4615 opus
1214 4517 1386 4614 prodiret¹
1400 4515 1439 4591 io
1463 4513 1595 4594 lucem.
1644 4515 1754 4690 Ilrlreh·
