3794 5028
771 203 1096 328 ψ,

114 413 277 516 feliciter.
324 410 386 488 De'
406 410 526 486 malla
554 406 683 486 domiai
691 407 962 509 sermo‘primas.
998 411 1146 488 'Desunt
1167 408 1329 487 initiales
1348 405 1485 486 litterae
1508 404 1734 494 sermonum.

120 513 313 599 custodes,
341 509 552 606 signaturae,
580 508 796 606 paginarum
817 510 979 595 numeri,
1004 508 1043 586 ds
1064 507 1328 606 inscriptiones.
1399 507 1541 582 Praeter
1563 503 1735 602 punitum
1851 503 1859 514 '

122 621 328 686 ocmrrrunt
351 609 465 682 etiarn
486 607 559 680 duo
582 605 730 702 punita,
755 599 1116 701 &interrogationis
1140 603 1292 700 lignum.
1356 603 1494 678 Charta
1512 601 1563 678 eli
1584 599 1736 677 firmilli-

121 731 208 793 ma,
236 706 337 791 alba,
363 703 402 781 da
420 703 568 778 munda.
626 703 809 778 Chartasii
830 701 970 797 signum
994 701 1136 778 nullum
1159 701 1365 786 observavi,
1391 699 1457 776 nili
1478 699 1736 797 caputbovis,

124 804 236 901 cujus
257 803 355 878 inter
375 819 512 875 cornua
536 798 636 874 stilus
660 821 752 875 exus
777 801 808 873 it
828 799 868 874 in
891 798 1029 874 stellam
1056 797 1230 874 desinens.
1310 793 1373 872 Ad
1399 796 1538 874 calcem
1559 793 1735 874 sennonis

123 900 272 988 ultimi,
299 897 362 994 qui
377 895 427 972 est
442 908 594 992 quartus
610 895 712 990 super
763 895 846 970 aive
867 894 1031 991 Regina,
1057 894 1137 971 haec
1152 908 1298 970 tantum
1315 893 1428 968 verba
1450 894 1641 989 leguntur,
1665 894 1737 967 im·

121 995 243 1096 pressa
270 995 371 1092 typis
394 992 546 1079 iisdem,
570 992 701 1089 quibus
722 991 794 1090 ipse
815 1004 963 1067 textus:
990 987 1163 1068 Sermones
1188 987 1276 1068 beati
1293 987 1476 1064 barnardi
1501 985 1607 1091 (sac)
1633 987 1737 1064 abba·

124 1095 174 1170 tis
195 1091 239 1168 de
260 1101 367 1166 manle
383 1088 570 1164 clarevallis
588 1087 789 1186 Expliciant
797 1088 953 1184 feliciter.
1004 1089 1098 1164 Tum
1117 1085 1277 1184 sequitur
1291 1089 1404 1163 index
1419 1086 1644 1174 sermonum,
1671 1087 1735 1183 qui

123 1191 269 1289 septem
290 1187 441 1264 ultimas
464 1185 653 1260 columnas
676 1193 842 1282 occupat.
893 1183 1029 1261 Totum
1052 1185 1224 1260 volumen
1244 1185 1343 1260 soliis
1366 1183 1540 1280 impreffis
1560 1207 1628 1279 293
1649 1206 1738 1258 con·

126 1289 220 1374 stat,
245 1286 285 1364 da
303 1281 556 1380 complestitur
578 1281 903 1372 sermoneslacros
929 1295 1097 1368 centum,
1121 1281 1160 1359 da
1181 1281 1388 1396 oituaginta
1413 1283 1460 1357 de
1481 1293 1665 1376 tempore,
1692 1283 1739 1358 de

127 1384 261 1460 senilis
283 1381 448 1474 aliosque
472 1379 558 1470 data
581 1379 857 1476 opportunitate
878 1379 1036 1453 habitos.
1085 1377 1171 1454 Non
1194 1381 1346 1456 memmi
1366 1375 1475 1473 hujus
1496 1377 1672 1453 editionis
1690 1377 1737 1454 ab

127 1481 207 1558 ullo
230 1477 494 1572 Bibliographo
516 1476 648 1550 saltam
671 1475 740 1550 else
763 1477 1000 1551 mentionem.
1051 1475 1325 1572 Hambergerus
1346 1481 1380 1551 la
1395 1475 1614 1572 rurallilgm
1628 1473 1740 1566 dionis

128 1580 251 1669 sidiam
273 1597 316 1648 ra.
336 1573 417 1665 aat.
433 1596 467 1668 4
486 1594 569 1668 pag.
591 1598 672 1668 203.
700 1573 791 1648 citat
813 1572 1015 1648 editionem
1032 1571 1237 1648 sermonum
1255 1573 1294 1650 S.
1311 1571 1511 1656 Bernardi,
1536 1592 1620 1667 quae
1637 1570 1740 1646 in-fi·

130 1701 178 1751 ne
194 1670 379 1769 adjeliam
406 1669 517 1744 habet
584 1669 743 1756 istolam,
768 1667 938 1765 scriptam
959 1666 1025 1744 Ex
1049 1665 1258 1767 leidelbaga
1278 1670 1391 1767 pridie
1410 1665 1585 1743 Kalendas
1596 1665 1739 1840 sm

132 1771 203 1847 iris
225 1791 315 1843 ansa
344 1763 470 1840 iamsi
579 1764 690 1840 XXI.
724 1762 772 1840 ad
795 1765 931 1840 Petrum
958 1762 1079 1840 Drasls
1095 1765 1294 1864 spirenses,
1319 1793 1367 1842 ex
1385 1787 1477 1862 qua,
1504 1778 1547 1840 ut
1570 1767 1617 1839 ad
1722 1779 1741 1844 t
1799 1761 1807 1781 ⁸

132 1868 428 1960 Hambergems,
465 1861 607 1949 elucet,
650 1866 694 1938 ab
728 1864 799 1938 hoc
827 1862 1060 1959 typographo
1087 1875 1254 1938 curatam
1288 1863 1357 1940 elle
1388 1863 1490 1938 illam
1526 1862 1739 1942 editionem.

134 1965 274 2041 Verum
295 1961 376 2038 haec
398 1957 548 2056 epistola
571 1959 669 2036 deest
695 1961 734 2035 in
762 1959 882 2034 nostro
908 1959 1131 2056 exemplari,
1165 1962 1263 2057 qnod
1293 1973 1419 2036 tamen
1442 1958 1542 2034 nulla
1564 1972 1668 2056 parte
1690 1955 1741 2035 est

127 2060 322 2235 ffitilmn.
373 2057 529 2170 Oportet
549 2057 663 2153 igitur
679 2055 839 2134 nostram
860 2055 1062 2136 editionem
1076 2057 1123 2135 ab
1136 2079 1181 2136 ea
1193 2057 1374 2138 diversam
1392 2055 1481 2144 elle,
1498 2077 1610 2156 quam
1624 2055 1741 2136 Ham·

199 2177 312 2255 gerus
339 2165 530 2232 excitavit.
729 2189 732 2202 ·
808 2183 811 2192 ’
848 2190 851 2202 v
946 2181 948 2192 ’
1438 2189 1442 2198 ·
1537 2185 1539 2190 ·
1619 2184 1623 2196 ·
1683 2171 1710 2196 ’-

138 2464 276 2550 Libris,
303 2464 360 2563 qai
378 2461 575 2560 liniantur,
602 2472 681 2536 nota
700 2460 782 2536 oaesi
789 2513 798 2547 ‚
825 2459 906 2562 loci,
929 2458 970 2538 sl
989 2473 1066 2560 iypa
1091 2461 1191 2561 rapli
1218 2447 1377 2562 desistatis
1397 2460 1481 2562 saar
1507 2461 1668 2562 afflgnare
1687 2471 1744 2557 lq·

133 2709 135 2714 Α
181 2568 218 2580 “’
227 2550 655 2758 &gmo‘ileffiiaarzgrm’
730 2557 906 2654 Proferam
931 2570 1039 2637 tamen
1059 2487 1135 2635 iias
1156 2556 1233 2635 inde
1255 2559 1454 2662 sonjeliaras
1467 2556 1660 2660 probabiles
1684 2557 1739 2632 vel

138 2877 245 2976 LV.
279 2875 321 2962 S.
344 2873 542 2987 Gregorii
562 2869 688 2990 Papae
713 2871 866 2988 Magni
886 2871 1024 2964 Liber
1048 2875 1203 2988 regulae
1225 2859 1462 2992 pastoralis,
1495 2873 1538 2964 in
1560 2903 1604 2987 4.
1637 2871 1742 2964 Edi·

133 3079 138 3086 .
180 3093 185 3100 ,
258 2991 325 3080 tio
356 2985 573 3078 Primaria.
1890 3031 1891 3042 κ

237 3217 280 3292 ln
293 3215 417 3292 fronte
434 3213 555 3310 operis
576 3214 676 3292 tituli
693 3215 775 3290 loco
792 3213 873 3290 haec
889 3215 1078 3312 leguntur:
1104 3212 1180 3308 Iasi
1207 3215 1215 3232 '
1245 3211 1329 3290 liber
1349 3212 1463 3311 regale
1480 3214 1635 3313 pastoral
1654 3211 1741 3290 Gre-

143 3314 233 3415 gorii
250 3336 338 3410 pape
361 3308 409 3384 ad
421 3309 576 3408 joliano
601 3309 891 3408 Arellieprseopam
927 3226 1228 3409 Raairreasemff

139 3413 319 3529 prologus
341 3410 380 3484 in
402 3407 527 3483 aversa
545 3409 655 3505 primi
676 3409 756 3483 solii
781 3410 933 3505 pagina,
961 3411 1134 3486 linense.
1216 3410 1317 3506 Opus
1340 3411 1525 3502 integrum
1549 3433 1616 3502 152
1642 3407 1742 3484 loliis

138 3504 319 3605 impressis
344 3503 500 3591 constat,
524 3505 801 3584 &terminatur
822 3507 861 3580 in
883 3507 1001 3600 prima
1046 3507 1155 3602 agina
1172 3505 1252 3581 solii
1274 3531 1359 3600 152,
1386 3504 1483 3578 linea
1502 3527 1543 3600 5,
1568 3527 1651 3602 quae
1666 3507 1745 3584 haee
1890 3513 1891 3516 ‘

143 3620 292 3684 tantam
314 3603 425 3676 verba
446 3603 629 3680 continet:
669 3605 697 3676 ti
721 3625 838 3678 manas
858 3601 954 3677 least.
1016 3528 1089 3678 iiis
1112 3603 1363 3699 typographus
1390 3602 1485 3676 hanc
1508 3601 1657 3699 subjecit
1678 3627 1744 3678 no·

143 3703 287 3780 titiam:
325 3697 483 3794 Explicit
503 3695 588 3774 liber
612 3697 726 3796 regale
743 3697 900 3811 pastoral
925 3702 1076 3797 gregorii
1099 3722 1204 3796 pape:
1237 3695 1285 3773 ad
1351 3695 1478 3773 alisiam
1508 3696 1528 3798 (
1537 3695 1609 3797 stc)
1633 3697 1745 3774 areli-

144 3797 296 3896 episcopsi
316 3791 546 3890 Raaiaensem.
615 3795 796 3892 Capitulis
819 3792 967 3892 singtilis
989 3794 1132 3894 praefixi
1151 3795 1232 3871 lunt
1252 3797 1323 3871 titn
1341 3798 1370 3880 ‘‚
1408 3793 1468 3870 seu
1489 3797 1615 3872 brevia
1637 3819 1745 3891 argn-

142 3908 289 4006 menta‚
316 3890 530 3971 &Numeri
557 3890 715 3983 illorum
780 3891 861 4006 Sic,
888 3917 920 3968 e.
936 3917 1004 4029 g,
1017 3892 1177 4005 capitulo
1198 3894 1347 4006 deeimo·
1369 3893 1497 3990 quinto
1521 3893 1602 3969 haec
1627 3894 1747 3990 praess-

107 3987 666 4180 ,a¹t.taattii·,.sti²,
683 3985 967 4161 litigiis.
982 3985 1749 4186 infra.versatissimi:

6 4200 7 4233 l
146 4185 308 4262 viatnrae
332 4203 406 4253 non
431 4180 511 4258 sunt
531 4181 625 4258 adeo
644 4180 874 4278 frequentes,
901 4203 946 4258 ac
968 4183 1010 4260 in
1032 4181 1116 4258 aliis
1141 4182 1209 4258 elle
1228 4182 1342 4258 solent
1363 4181 1612 4278 antiquilsnnis
1634 4183 1747 4258 libris.

146 4275 485 4374 interpunitionu'm
507 4276 605 4373 signa
628 4277 703 4352 dua
727 4290 944 4363 occurrunt,
975 4300 1107 4375 nempe
1128 4277 1300 4374 punitum
1321 4280 1359 4356 ds
1384 4281 1459 4356 duo
1482 4279 1629 4375 punsia,
1668 4299 1752 4376 quae

147 4379 309 4458 formam
328 4371 464 4448 habent
484 4374 699 4468 quadratam
721 4374 859 4468 magis,
884 4396 994 4470 qnam
1012 4376 1219 4452 rotundam.
1264 4371 1441 4451 Puntlurn
1464 4377 1568 4470 supra
1588 4374 1751 4451 litteram

6 4487 7 4570 J
148 4475 219 4574 jod
240 4469 361 4570 magis
383 4465 527 4549 accedit
550 4471 599 4548 ad
619 4469 778 4554 formam
794 4472 1009 4562 rotundam,
1035 4473 1204 4574 quamvis
1225 4471 1317 4576 laepe
1337 4474 1376 4548 in
1391 4472 1564 4552 lineolam
1584 4495 1606 4546 a
1623 4473 1754 4548 dextra
1890 4523 1891 4528 Ν

1626 4568 1709 4648 sassi·

1216 3311 1344 3410 alagus.
1420 3311 1652 3386 Terminatur
1681 3312 1742 3386 hic
1890 3347 1891 3394 1
