3794 5028
161 259 245 372 164
810 245 1142 372 ss-
1266 294 1271 303 ·

159 455 209 534 ad
229 453 389 534 eundem
409 451 607 542 limium,
657 453 715 542 ui,
741 463 786 530 ut
802 477 850 530 ex
872 454 1041 570 ejusdem
1055 454 1228 554 Epistolae
1242 461 1422 536 contextu
1439 467 1563 557 patet,
1588 455 1690 536 lilius
1705 457 1779 538 fnit

160 555 315 631 Henrici
329 553 431 653 Regii
442 555 617 630 criminum
690 577 762 628 mm
779 562 916 628 terrenas
930 553 1098 657 Costiiirii.
1149 553 1295 632 Nomen
1311 557 1488 654 accepita
1504 557 1642 634 Carolo
1660 555 1694 632 A
1721 559 1781 633 ui·

161 652 274 728 taniae
297 651 407 739 duce,
431 652 574 750 fuitque
597 666 685 728 tunc
706 652 906 726 admodum
927 651 1092 750 juvenis,
1119 654 1205 728 cu‘m
1225 655 1319 728 hanc
1333 653 1458 729 auitor
1476 655 1623 731 adeum
1644 658 1705 752 epi
1738 679 1780 730 o·

162 749 239 825 lam
262 748 442 826 scriberet
493 751 609 826 Porro
635 752 713 825 haec
736 749 886 846 epistola
909 749 975 825 scri
1002 763 1041 825 ta
1064 749 1114 825 est
1136 748 1286 851 Paristas
1301 749 1442 846 secandi
1465 753 1583 826 ominis
1605 751 1677 826 loco
1699 753 1783 826 nani

164 847 314 960 mileſsmr'
336 843 602 949 quadringentest
624 843 711 921 ande
720 842 952 958 sepiuogrstmi
969 773 1106 1019 &4632
1131 849 1282 922 ianuarii
1301 843 1356 922 die
1372 852 1493 946 primo.
1546 849 1596 926 Ut
1625 849 1673 924 de
1693 872 1783 948 ope·

164 965 218 1022 ris
238 957 456 1042 argumento
477 945 616 1043 aliquid
643 967 740 1020 nunc
760 944 900 1031 dicam,
925 945 1004 1041 agit
1023 967 1071 1019 au
1106 966 1148 1019 or
1171 945 1210 1020 in
1236 945 1309 1020 basi
1328 945 1375 1021 de
1401 946 1479 1021 ono
1504 947 1684 1021 orationis
1703 970 1788 1042 par·

164 1043 284 1130 tibus,
312 1039 460 1122 nomine
483 1042 676 1128 nimirum,
704 1043 934 1139 pronomine,
967 1043 1093 1128 verbo,
1117 1041 1323 1139 participio,
1348 1043 1542 1129 adverbio,
1566 1039 1790 1141 interjefuo-

165 1138 1034 1316 ”nr,libili”inutilitati-‘liti
1056 1139 1638 1314 ‘biltllbiillllo
1652 1143 1791 1314 ‘llll

167 1336 222 1412 tio
247 1333 328 1412 folii
349 1263 534 1429 licundi:¹
553 1259 756 1433 capiirdum
777 1357 866 1410 vero
893 1329 943 1410 de
962 1258 1216 1431 coniunitiine
1240 1336 1461 1410 terminatur
1482 1337 1522 1410 in
1547 1262 1673 1412 averia
1696 1337 1789 1413 noni

167 1433 248 1510 folii
269 1435 425 1532 pagina,
458 1435 556 1509 linea
581 1459 636 1512 12.
714 1432 807 1520 Quae
830 1431 1044 1508 immediate
1065 1429 1282 1528 sequuntur,
1307 1433 1382 1507 tria
1402 1432 1494 1508 folia
1513 1433 1677 1512 tabulam
1696 1457 1788 1512 con·

168 1531 290 1610 tinent
313 1529 635 1632 conjugationum,
653 1551 768 1702 ἂιιὲιὲε
790 1529 843 1644 ad
865 1528 1305 1702 ⁰}lcjl1.hae⁰.i⁶ff⁰¹¹fflf
1324 1527 1510 1628 impressa:

747 1652 841 1700 nami
905 1650 946 1701 or
972 1651 1018 1700 mr
1048 1651 1137 1700 anau

288 1779 291 1784 -
647 1726 731 1826 ansts
747 1721 832 1824 hosts
846 1725 1033 1823 gramatice
1045 1724 1140 1820 ,finit

168 1819 213 1902 ln
250 1819 433 1919 sequentis
468 1821 550 1900 folii
582 1823 718 1919 pagina
749 1824 868 1921 prima
909 1819 1099 1897 Guillerr'mi
1125 1817 1255 1898 tardior·
1284 1821 1456 1999 anicieff
1477 1821 1545 1922 sup
1561 1819 1691 1920 ejusd?
1719 1817 1791 1936 bap

170 1921 357 2018 gramatice
382 1920 587 1996 cementarii
604 1922 739 2018 incipit.-
768 1920 1004 1996 Terminatur
1027 1931 1153 1997 autem
1176 1923 1216 1998 in
1241 1919 1366 1996 averia
1406 1921 1471 1999 olii
1497 1911 1716 2020 2'4‘pagina,
1745 1922 1792 1998 11·

170 2040 241 2098 nea
266 2040 308 2118 73
335 2020 395 2094 cui
418 2019 500 2096 haec
522 2029 669 2094 tantum
697 2017 777 2097 liant
799 2016 968 2114 subjeua:
1366 2090 1370 2098 ,

592 2110 782 2190 Guillerimi
813 2111 956 2190 Turdiur‘
979 2113 1150 2230 orriciraſss
1163 2111 1232 2214 sup
1259 2109 1368 2214 ejusd?

587 2206 657 2312 bost
679 2214 897 2312 grammatice
919 2221 1156 2287 cimeniarrum
1169 2198 1282 2312 str'r'il:

172 2309 343 2408 speum
363 2319 540 2406 typorum
559 2306 703 2400 indole,
741 2310 898 2409 aliisque
920 2311 998 2386 anti
1024 2311 1153 2387 uitatis
1167 2312 1267 2388 notis
1282 2307 1397 2387 libelli
1417 2307 1528 2408 hujus
1551 2311 1667 2390 editio
1688 2309 1793 2386 haud
1886 2389 1887 2394 Ν

173 2407 368 2484 immerito,
383 2407 433 2483 ad
456 2429 594 2483 annum
619 2413 732 2506 1469,
775 2431 849 2506 quo
877 2409 1008 2485 datae
1061 2407 1211 2505 epistola
1241 2408 1487 2494 dedicatoria,
1527 2409 1587 2485 vel
1610 2421 1711 2484 certe
1740 2409 1791 2482 ad
1886 2403 1887 2489 ξ

171 2527 309 2582 annum
332 2528 429 2581 anno
454 2527 559 2604 1477.
586 2509 827 2594 anteriorem,
854 2506 983 2582 referri
1003 2519 1178 2582 meretur.
1228 2506 1382 2582 Litterae
1402 2507 1501 2581 enim
1522 2506 1684 2602 gothicae
1705 2505 1790 2580 lunt

172 2603 321 2691 lormae,
347 2601 538 2698 oblongae,
565 2601 605 2678 dc
626 2603 750 2680 minus
768 2604 905 2692 densae,
930 2603 1130 2680 admodum
1150 2606 1247 2681 inter
1267 2603 1300 2679 se
1321 2603 1541 2700 inaequales,
1565 2617 1609 2680 ut
1630 2602 1792 2700 sculptas

172 2699 241 2777 elie
264 2725 340 2777 non
360 2699 536 2775 dubitem.
587 2699 895 2798 Interpuntiionis
915 2699 1057 2798 signum
1078 2702 1231 2780 unicum
1251 2702 1431 2786 occurrit,
1456 2723 1588 2800 nempe
1604 2701 1791 2798 punitum.

171 2796 310 2892 Desunt
336 2797 449 2874 etiarn
466 2796 628 2875 initiales
649 2797 806 2888 litterae,
833 2797 1021 2884 custodes,
1047 2796 1262 2896 signaturae,
1285 2799 1501 2896 pagiuamm
1516 2799 1717 2876 numeri&
1733 2800 1793 2872 in·

173 2892 239 2970 scri
265 2895 399 2972 tiones.
463 2893 516 2970 Ut
539 2895 710 2994 distinqui
732 2897 815 2974 haec
842 2895 958 2974 editio
981 2896 1027 2973 ab
1049 2897 1154 2984 aliis,
1194 2917 1278 2994 quae
1305 2895 1402 2972 sorte
1423 2895 1601 2984 existunt,
1642 2895 1795 2972 facilius

172 2918 297 3092 pollit,
322 2990 415 3069 illud
440 2991 553 3070 etiam
577 2994 781 3084 adnotabo,
806 2995 977 3098 quamvis
999 2996 1173 3096 paginam
1196 2995 1313 3073 lineas
1339 2993 1526 3094 imprellas
1550 2995 1684 3094 viginti
1706 2991 1792 3069 osto

43 3081 70 3110 ”
174 3089 377 3192 complesti.

173 3381 333 3477 Lxxr.
363 3383 556 3499 juridica
576 3385 695 3476 varia
731 3389 777 3503 1)
799 3385 967 3478 Modus
982 3385 1157 3499 legendi
1181 3383 1506 3476 abbreviaturas
1529 3379 1572 3472 in
1602 3401 1796 3500 utroque

287 3495 414 3615 June,
444 3503 516 3588 cui
538 3500 710 3590 accedit
735 3500 867 3590 index
892 3499 966 3592 leu
989 3499 1227 3614 Registrum
1251 3502 1526 3590 materiarum
1548 3499 1593 3588 in
1609 3495 1793 3616 lequen·

286 3631 378 3702 tem
403 3613 644 3729 procellum
664 3613 957 3727 judiciarium.
1012 3619 1068 3728 2)
1096 3613 1317 3705 l'rocellus
1342 3611 1605 3728 Judiciarius
1628 3609 1795 3727 Johan·

288 3728 356 3816 nis
374 3730 430 3817 de
452 3729 678 3817 Aurbach.
738 3731 789 3848 3)
807 3727 1042 3819 Tradtatus
1062 3733 1117 3816 de
1139 3726 1558 3843 Praelumptionibus.
1611 3733 1665 3839 4)
1691 3725 1795 3816 Ma-

286 3841 398 3958 giltri
443 3837 669 3938 Dominici
698 3847 754 3934 de
788 3845 972 3933 civitate
1028 3839 1236 3936 Vilencia
1268 3841 1503 3932 Tradimus
1539 3843 1593 3930 ad
1628 3840 1793 3928 institu-

290 3959 461 4046 tionem
499 3983 684 4065 eomm,
736 3959 813 4075 qui
852 3953 1065 4047 Notarius
1103 3975 1236 4065 agunt
1273 3951 1723 4072 Archiepiscoporum
1747 3953 1796 4042 dt

285 4067 622 4188 Episcopomm.
712 4078 763 4186 5)
807 4069 1042 4162 Tradimus
1071 4073 1285 4185 generalis
1312 4073 1367 4162 de
1397 4091 1489 4158 arte
1517 4067 1790 4162 Notariatus.

292 4185 352 4302 6)Ι
381 4181 616 4275 Tradtatus
651 4185 706 4277 de
733 4183 936 4278 Procellu
956 4183 1215 4302 Judiciario.
1264 4189 1317 4297 7)
1349 4180 1624 4272 Introdutiio
1643 4182 1794 4270 brevis

291 4303 345 4391 ad
366 4297 663 4390 Procuratoris
682 4296 892 4396 officium.
950 4303 1003 4412 8)
1023 4295 1332 4391 Defensorinm
1353 4296 1483 4413 Juris.
1538 4297 1587 4413 9)
1612 4294 1795 4386 Trebia-

286 4439 357 4504 tus
386 4417 441 4502 de
467 4415 805 4526 exceptionibus
827 4413 1078 4503 innocentii
1094 4415 1178 4504 lV.
1199 4412 1254 4506 R.
1276 4411 1322 4502 P.
1380 4415 1458 4520 10)
1484 4409 1719 4500 Tradimus
1739 4411 1798 4500 de

291 4525 689 4646 l'raeloriptionibus
726 4527 909 4618 Domini
932 4525 1058 4643 Dyni
1084 4532 1138 4618 de
1163 4525 1337 4642 Mugilo
1363 4525 1536 4643 Legum
1561 4523 1799 4622 Dodoris,

1661 4639 1741 4751 11)
