3790 5030
166 224 1401 356 6815&ae

156 431 265 535 [anus
286 428 376 512 Sc'do
386 431 452 533 suo
470 446 587 530 aterqg
599 429 709 535 stadio
726 380 769 512 as
786 435 941 552 disigitia
960 437 1087 516 citabit.
1116 439 1243 532 nimiis.
1263 441 1319 520 M.
1343 443 1459 522 Varro
1475 441 1655 548 reuiuiscet.
1705 445 1785 528 Ira·

161 528 305 634 preffusn
326 530 472 610 Parrnu.
486 533 540 610 M.
556 529 746 618 cccclxxx.
777 532 887 612 Tertio
913 533 999 612 Iius
1020 536 1225 616 Decembris.
1465 553 1470 562 ·

117 743 120 750 ’
170 755 379 850 XXXIV.
406 754 587 848 Nicoiai
613 758 668 847 de
694 751 962 861 Tudeschis‚
990 757 1124 866 vulgo
1152 751 1345 859 Abbatis
1370 751 1528 862 Siculi,
1561 754 1719 848 Gloffae
1737 759 1785 848 in

23 931 30 938 -
289 871 605 968 clementinas.
675 870 880 962 Veneriis
904 895 984 985 per
1006 868 1109 987 Joh.
1136 872 1191 960 de
1217 869 1429 979 Colonia,
1458 870 1502 960 iic
1524 869 1625 986 Joh.
1648 871 1785 964 Man·

284 986 390 1076 then
425 1003 551 1098 1480.
582 989 629 1074 in
650 985 692 1074 F
693 991 757 1082 ol.
777 1010 919 1097 magu.
1149 1017 1157 1032 ·

332 1179 466 1258 Glofl'ae
489 1181 566 1259 istae
588 1179 795 1257 charaiiere
812 1181 969 1354 1gothico
991 1177 1218 1279 pereleganti
1243 1180 1283 1254 in
1311 1176 1453 1256 duabus
1480 1179 1661 1256 columnis
1685 1201 1787 1276 prae·

171 1273 389 1358 stantisiimae
410 1279 568 1364 chartae,
590 1279 809 1375 quaeampli
836 1302 929 1357 imos
947 1279 1059 1354 habet
1076 1277 1281 1372 margines,
1305 1275 1482 1374 impreisae
1498 1277 1589 1356 sunt.
1638 1277 1786 1374 Pagina

170 1378 290 1472 prima
314 1377 481 1475 impressa
503 1375 641 1472 signata
663 1375 713 1450 esi
736 1400 808 1458 ca.
884 1375 1049 1452 Initiales
1076 1375 1232 1459 litterae,
1260 1373 1446 1460 custodes,
1473 1375 1634 1459 numeri,
1660 1373 1702 1450 bc
1724 1376 1796 1450 in·.

171 1471 385 1570 scriptiones
411 1475 628 1570 paginarum
648 1471 785 1548 desunt.
836 1473 877 1548 in
900 1472 1025 1569 aversa
1048 1471 1184 1568 pagina
1205 1470 1329 1546 ultimi
1352 1471 1454 1554 solii.
1484 1472 1583 1568 quod
1602 1471 1651 1547 est
1671 1471 1787 1567 quin·

172 1584 254 1646 tum
271 1571 451 1646 ternionis
478 1597 515 1657 c,
542 1569 693 1669 sequens
710 1569 846 1664 legitur
867 1569 1093 1667 subscriptio:
1119 1565 1182 1642 Eas
1205 1567 1323 1642 sicient
1343 1568 1391 1667 gr.
1412 1568 1472 1643 cic.
1493 1595 1565 1643 carn
1586 1565 1786 1666 quibasdam

172 1666 253 1742 asiis
273 1665 526 1765 allegationibus
548 1663 792 1742 occurrentibus
816 1665 939 1743 cassetis
957 1692 1021 1766 prr
1048 1663 1126 1739 dim
1194 1665 1335 1741 icoiursrn
1359 1663 1510 1742 &casam
1539 1664 1788 1763 Monacensern

102 1831 107 1842 .
172 1764 323 1842 abbatem
343 1769 381 1845 si
404 1772 562 1872 nifflmarn
579 1795 666 1845 nanc
686 1768 850 1868 archispim
866 1767 1148 1848 Potamonem
1219 1769 1390 1846 cacabarii
1408 1757 1477 1848 iuri
1496 1771 1645 1866 atriqu
1667 1767 1786 1843 roan

173 1890 253 1974 scm.
280 1863 331 1944 D.
386 1869 535 1967 runciscei
555 1867 684 1944 Breuis]
715 1867 841 1944 Ueneti
871 1873 906 1944 in
938 1869 1105 1949 Patauino
1129 1789 1233 1960 sebio
1261 1867 1417 1944 tenuram
1436 1868 1531 1967 sexti
1611 1868 1669 1944 cic.
1693 1867 1787 1963 opti·
1891 1959 1892 1966 ἵ

174 1967 287 2049 nenti.
312 1988 353 2040 ac
375 1965 538 2064 impendio
561 1963 669 2068 Joi’s
696 1963 829 2042 Cosanis
854 1970 1062 2066 agrippiner‘r.
1095 1956 1186 2070 (Job'
1204 1990 1246 2064 q3
1282 1963 1436 2042 manticen
1459 1963 1642 2064 gierctarns
1662 1962 1759 2062 socio
1891 1971 1892 2066 ἦ

175 2060 310 2136 venetiis
335 2063 379 2138 im
403 2061 482 2162 rrffe
503 2074 622 2159 quarto
643 2085 747 2134 nonus
773 2065 865 2161 maij.
886 2075 951 2139 sino
984 2064 1069 2151 aiat,
1094 2063 1167 2137 ciri
1193 2069 1276 2139 suns.
1302 2065 1354 2139 M.
1371 2086 1466 2138 cccc.
1486 2065 1609 2138 Lxxx.
1678 2061 1726 2136 Ni
1758 2063 1766 2076 '

27 2253 30 2260 ι
177 2159 223 2240 dc
243 2158 316 2270 ¹hac
338 2183 359 2240 e
386 2161 501 2242 itione
516 2158 675 2258 reperire
691 2160 797 2256 potui
820 2163 918 2260 apud
981 2154 1248 2263 ibliographos,
1279 2159 1455 2260 qui'mihi
1475 2159 1523 2238 ad
1539 2181 1671 2240 manus
1689 2157 1787 2238 suut.

737 2379 963 2472 ANNO
1040 2407 1313 2504 repr-,¹

174 2568 213 2663 1.
243 2569 314 2667 Μ.
341 2569 401 2662 T.
437 2537 668 2664 Ciceronis
698 2547 1064 2686 'Rhetoricorum
1105 2581 1238 2694 vulgo
1274 2596 1494 2684 veterum,
1542 2575 1643 2666 libri
1678 2575 1786 2668 duo:

288 2687 528 2777 Accedunt
573 2684 844 2797 Ricciacum,
881 2694 1013 2803 vulgo
1047 2687 1208 2799 Noua,
1253 2691 1379 2782 Libri
1411 2687 1494 2780 IV.
1531 2693 1585 2780 ad
1617 2689 1784 2780 Heren-

287 2802 431 2934 nium,
463 2803 537 2916 qui
559 2799 633 2888 sub
651 2803 879 2936 Ciceronis
897 2808 1076 2896 nomine
1095 2809 1332 2922 prodeunt,
1362 2801 1434 2894 sed
1457 2805 1612 2938 incerti
1635 2803 1785 2936 cusio-
1890 2907 1891 2910 Ν

271 2941 346 3046 -rrs
365 2911 475 3048 suist.
535 2913 650 3050 Tam
668 2919 733 3006 ius
759 2946 887 3034 quam
910 2921 995 3008 iliis
1018 2921 1198 3056 adJeiiae
1216 2918 1311 3010 suut
1336 2917 1611 3052 untesabn
1628 2915 1785 3053 Vibio·
1890 2943 1891 2974 ³

288 3029 1156 3256 blem'i'lbbtiboibjisraeinbXsolXiriibfmmb
1220 3035 1426 3170 Venetus
1450 3059 1528 3154 per
1551 3031 1785 3148 Baputiam

294 3381 299 3395 ι
328 3337 371 3414 Iu
392 3336 515 3414 aversa
540 3338 648 3436 primi
674 3339 752 3414 solii
774 3343 909 3454 pagina
926 3343 1040 3418 Marii
1058 3341 1179 3420 Fbobii
1194 3343 1272 3440 (sic)
1290 3341 1455 3420 Vrbiorini
1476 3339 1632 3418 Rbrtoris
1654 3343 1688 3416 in
1710 3341 1786 3418 rbe-

180 3431 413 3547 concissis)
438 3433 605 3510 Ciceronis
625 3431 709 3512 iiber
721 3461 853 3536 primas
876 3440 1002 3536 incipit.
1055 3439 1229 3538 Sequitur
1256 3454 1382 3518 autem
1400 3442 1441 3516 in
1464 3441 1533 3515 hac
1555 3443 1689 3538 pagina
1710 3465 1786 3516 non

179 3529 246 3607 niu
268 3529 445 3607 V1itormi
471 3533 508 3608 in
530 3533 752 3610 Rhetoricos
772 3535 963 3613 Ciceronis
984 3537 1098 3615 libros
1121 3539 1310 3636 praesatio,
1335 3538 1395 3615 seu
1417 3536 1657 3623 mundastis,
1684 3559 1787 3633 quae·

180 3629 277 3704 dam.
305 3625 433 3742 'Fpiio
460 3643 585 3706 autem
606 3629 762 3745 secundo
783 3633 898 3732 ipsum
916 3658 1009 3733 opos
1032 3635 1171 3733 incipit.
1239 3636 1430 3713 Ciceronis
1454 3648 1581 3711 textus
1603 3635 1786 3710 clraraiic-

181 3748 222 3802 re
241 3746 392 3821 majora.
426 3739 691 3805 commentaria
713 3753 821 3818 vero,
850 3735 913 3828 qui
934 3748 1122 3808 extremos
1146 3747 1223 3809 tres
1243 3733 1428 3828 margines
1448 3747 1646 3829 occupant,
1667 3735 1788 3807 mino·

182 3824 233 3904 ri.
259 3835 416 3917 utroque
447 3823 607 3898 rotundo
641 3825 680 3903 δι
707 3828 967 3924 elegantiffimo
1004 3830 1171 3926 impressa
1207 3831 1297 3906 sunt.
1364 3831 1502 3906 Charta
1522 3829 1696 3926 praestans
1724 3829 1787 3906 esi.

182 3919 325 3995 Praeter
345 3921 516 4014 puniium
541 3935 738 3999 occurrunt
760 3927 874 4001 etiam
889 3927 961 4002 duo
984 3927 1133 4023 punita,
1151 3929 1191 4006 bc
1214 3929 1438 4025 diphtongus
1457 3951 1506 4001 ac.
1560 3927 1695 4003 Desunt
1717 3929 1788 4004 ini·
1889 3933 1890 4016 ζ

56 4075 59 4080 .
183 4018 292 4094 tiales
314 4015 469 4100 litterae,
495 4015 679 4101 custodes.
706 4024 853 4099 numeri·
861 4024 1095 4122 paginarum,
1123 4027 1163 4104 bc
1180 4025 1380 4101 earundem
1403 4021 1666 4121 inscriptiones.
1716 4026 1791 4101 Pa-

181 4118 290 4212 ginas
311 4135 400 4189 vero
424 4113 677 4211 typographus
699 4114 865 4212 signavit
933 4123 973 4196 In
1004 4121 1077 4199 sinc
1102 4121 1387 4199 Rhetoricorum
1404 4134 1573 4196 veterum
1597 4121 1679 4197 haec
1703 4135 1788 4198 tan·

184 4226 265 4288 tum
287 4209 479 4324 leguntur:
499 4187 626 4328 'Marci
657 4209 756 4288 iiiiii
780 4215 948 4294 Ciceronis
967 4220 1111 4295 oratoris
1133 4217 1300 4320 ciarifflmi
1317 4215 1553 4294 rhetoricorum
1577 4230 1722 4294 raterarn
1745 4219 1789 4296 si·

184 4308 241 4384 ber
264 4307 400 4382 nitimur
419 4307 587 4404 fheircrter
615 4309 763 4407 explicit.
815 4315 914 4392 Inter
930 4315 1167 4394 Rhetoricam
1183 4328 1347 4392 veterem
1363 4315 1403 4392 bc
1426 4339 1561 4390 novam
1583 4315 1710 4392 solium
1732 4319 1789 4394 in·

183 4405 342 4579 {effecit
355 4416 534 4518 ‘vacuumt
597 4406 692 4484 Tum
716 4408 798 4489 haec
818 4409 892 4489 sruc
917 4413 992 4489 uilo
1017 4413 1126 4492 titulo
1147 4412 1298 4512 incipit,
1326 4413 1364 4490 iit
1398 4415 1436 4490 in
1466 4412 1537 4490 tine
1562 4414 1656 4488 hanc
1679 4416 1791 4490 habet

197 4525 220 4580 u
258 4516 494 4600 crsptronem:
718 4533 724 4541 ¹

1642 4604 1751 4682 Vens·
