3794 5028
142 245 222 358 156
795 229 1123 355 ss

88 504 97 517 i
137 443 236 541 apud
260 437 546 518 schelhoroium
568 436 611 520 in⁴
638 431 803 514 Dionibo
820 435 1047 536 prudmiauri
1069 435 1137 516 &n
1167 459 1251 534 pag.
1284 463 1341 529 aa.
1374 439 1471 522 hanc
1503 438 1759 520 editionem

137 539 351 718 primordiis
374 536 631 636 typographiae
653 555 767 634 prope
788 535 916 626 abessev
925 535 1125 636 iudicavit,
1154 534 1217 680 etsi
1238 538 1285 616 de
1303 537 1536 676 typographo
1555 539 1595 620 dt
1609 537 1761 640 impres·

155 639 256 714 ionis·
273 635 355 715 loco
376 633 470 712 nihil
491 635 629 716 ibidem
653 647 884 733 pronunciet.

143 885 291 979 Lllll.
322 887 546 995 Aureolo,
575 881 648 974 seu
676 881 809 974 flores
839 881 887 982 S,
906 881 1175 1002 Hieronymi
1208 829 1264 976 ab
1289 885 1461 978 incerto
1497 874 1678 976 audiere
1706 907 1765 976 ex

234 999 298 1092 'S.
320 997 587 1120 Hieronymi
605 1001 812 1119 operibus
832 1004 1044 1122 excerpti.
1067 1005 1114 1093 in
1133 1001 1174 1094 F
1177 1006 1236 1092 ol.
1259 1003 1363 1094 min.
1431 1089 1434 1094 i

242 1211 274 1289 0
300 1232 367 1300 us,
391 1200 437 1290 ut
453 1208 526 1311 ipse
551 1213 692 1292 indicat
709 1211 862 1300 titulus,
899 1237 948 1293 ex
974 1212 1090 1291 variis
1113 1209 1151 1288 S.
1168 1209 1392 1312 Hieronymi
1413 1210 1585 1314 operibus
1610 1232 1770 1308 excerp·
1889 1205 1890 1300 l

60 1377 61 1384 Ν
147 1322 229 1424 tum
253 1235 320 1395 el,
348 1307 399 1422 est
420 1333 491 1408 que
510 1309 707 1424 secundum
733 1311 855 1424 varias
874 1311 1034 1389 virtutes
1060 1309 1293 1424 christianas,
1332 1310 1536 1409 dequibus
1564 1333 1771 1424 ageresio·

149 1409 220 1485 suit
246 1406 485 1506 compilator,
510 1431 549 1486 in
572 1409 734 1508 capitula
750 1409 905 1506 triginta
922 1409 963 1488 di
976 1433 1093 1486 unuin
1109 1409 1275 1486 divisum.
1333 1407 1529 1487 Habentur
1557 1422 1672 1484 etiam
1699 1407 1773 1484 llo·

150 1527 208 1582 res
224 1503 262 1581 S.
280 1503 483 1594 Bernardi,
510 1503 601 1587 dis.
611 1506 817 1603 Augustini.
863 1506 1027 1585 Praesens
1043 1506 1175 1584 iloruin
1190 1507 1228 1584 S.
1243 1505 1466 1604 Hieronymi
1480 1506 1596 1586 editio
1611 1506 1650 1580 in
1664 1504 1773 1581 fron·

151 1619 189 1679 te
211 1604 343 1700 primae
366 1603 513 1702 paginae
533 1605 630 1682 hanc
665 1605 775 1682 habet
808 1603 1102 1702 inscriptionem:
1144 1603 1300 1692 Aureolo
1328 1602 1588 1706 infandissimis
1610 1601 1780 1702 solutise·.
1889 1671 1890 1706 ,

149 1693 987 1900 reineresbrunnenliiii
1000 1698 1775 1897 sitienfraudemur
1889 1709 1890 1742 ,

152 1895 282 1991 niberg
304 1893 351 1968 de
375 1897 628 1993 Memmiugen
655 1899 899 1978 Decretoruin
924 1900 962 1978 ὅ(
989 1901 1126 1976 artium
1154 1899 1362 1976 liberalium
1399 1897 1573 1974 Dotiore·
1593 1895 1783 1975 conferta..
1889 1965 1890 1992 ,

154 1991 207 2068 ln⁴
223 1989 348 2066 aversa
369 2007 495 2070 autem
516 1995 652 2110 pagina
672 1996 785 2074 index
807 1997 1053 2094 capitulorum
1068 1995 1257 2094 impressus
1283 1997 1431 2094 legitur.
1492 1995 1658 2074 Tandem
1678 1993 1776 2072 folio
1889 1995 1890 2064 l

154 2087 332 2172 secundo.
358 2092 493 2187 pagina
538 2115 653 2180 rnna,
695 2116 778 2192 quae
802 2108 844 2172 ut
868 2093 902 2170 se
927 2107 1059 2171 nentes
1087 2119 1235 2182 omnes,
1275 2103 1352 2171 nou
1373 2096 1465 2176 item
1490 2095 1610 2192 prima
1631 2113 1777 2190 praece·
1889 2071 1890 2148 l

105 2275 108 2281 ¹
155 2187 269 2274 dens,
298 2187 451 2300 induas
473 2115 664 2305 columnas
689 2189 854 2304 distintla
876 2117 946 2281 eli,
972 2214 1065 2290 opus
1088 2192 1204 2293 ipsum
1225 2193 1373 2295 incipit,
1404 2190 1610 2268 charaslere
1624 2187 1781 2306 impres

155 2281 233 2398 diiii
258 2297 393 2400 parturi
420 2288 616 2382 gootluco,
641 2302 778 2387 partim
800 2289 959 2365 rotundo
977 2312 1151 2377 romano,
1176 2300 1334 2388 utroque
1353 2291 1552 2368 admodum
1575 2290 1679 2375 rudi,
1703 2311 1781 2364 nec

158 2380 244 2457 scite
267 2404 306 2456 in
326 2399 440 2459 voces
469 2383 679 2484 composito.
745 2387 901 2484 Signum
926 2387 1230 2485 interpunttionis
1255 2391 1407 2466 unicum
1431 2387 1611 2472 occurrit,
1637 2409 1776 2482 nempe
1889 2407 1890 2456 i

155 2480 347 2579 punsium,
374 2479 414 2560 δι
433 2481 505 2559 hoc
530 2483 914 2584 quidem‘plerumque
936 2485 1114 2574 informe,
1142 2485 1405 2582 &inaequale
1456 2484 1620 2560 initiales
1637 2484 1780 2561 litterae
1889 2509 1890 2576 i

157 2578 341 2675 capitum,
365 2579 552 2666 custodes,
578 2578 792 2678 signaturae,
815 2583 1033 2681 paginarum
1054 2583 1256 2662 numeri&
1275 2584 1527 2681 inscriptiones
1550 2583 1686 2756 ubiffiue
1708 2582 1779 2658 de·
1889 2627 1890 2678 i

157 2673 250 2754 sunt.
301 2677 440 2753 Charta
467 2677 758 2767 enutrimur,
784 2681 822 2760 di
851 2679 934 2756 alba
962 2682 1184 2770 admodum,
1211 2679 1419 2760 iedminus
1444 2681 1571 2779 polita.
1648 2681 1659 2755 i
1713 2701 1784 2758 um
1889 2701 1890 2762 l

158 2773 335 2848 chartarii
356 2774 481 2872 passini
499 2800 696 2854 occurrens
719 2777 770 2854 est
795 2778 1055 2877 caputbovis,
1081 2777 1187 2878 cujus
1202 2780 1300 2856 inter
1324 2801 1463 2857 cornua
1480 2778 1582 2856 stilus
1610 2802 1660 2854 ex
1674 2779 1783 2874 urgit
1889 2781 1890 2798 ¹

159 2871 200 2951 in
221 2869 360 2947 stellam
382 2872 558 2950 desinens.
636 2872 761 2954 Semel
792 2877 953 2953 occurrit
978 2893 1089 2976 caput
1114 2878 1318 2954 humanum
1346 2877 1511 3050 crispatis
1544 2877 1706 2954 crinibus
1740 2876 1784 2953 in
1889 2869 1890 2964 g

160 2967 266 3067 eujus
298 2972 438 3082 vertice
469 2971 571 3050 iliius
602 2975 750 3070 exurgit
779 2975 819 3050 in
847 2974 987 3052 stellam
1020 2973 1196 3054 desinens.
1265 2976 1334 3052 Bis
1364 2975 1411 3053 ob
1425 2976 1552 3056 ervavi
1576 2973 1783 3072 caput-bo·
1889 3021 1890 3056 l

162 3069 222 3144 vis
237 3089 253 3156 ,·
295 3089 401 3166 cuyus
440 3069 538 3146 inter
576 3081 714 3152 cornua
752 3072 899 3160 lilium,
944 3073 1126 3170 gallorum
1163 3071 1300 3171 insigne
1345 3073 1575 3172 conspicitur.
1669 3073 1787 3166 Quae-
1889 3091 1890 3162 i

51 3197 53 3202 ·
162 3167 223 3243 vis
254 3166 426 3244 columna
446 3168 593 3266 integra
615 3168 733 3246 lineas
752 3171 938 3271 impressas
962 3172 1114 3268 triginta
1131 3173 1223 3248 duas
1244 3171 1507 3269 compleilitur.
1557 3169 1694 3246 Totum
1715 3193 1786 3246 ve·

164 3285 207 3344 ro
232 3286 325 3362 opus
345 3264 446 3343 soliis
470 3267 610 3343 constat
634 3266 808 3388 impressis
829 3296 889 3368 41.
948 3267 1011 3346 Ad
1028 3268 1175 3362 calcem
1195 3269 1276 3346 haec
1298 3283 1445 3346 tantum
1465 3269 1657 3364 leguntur:
1698 3263 1785 3342 Ex·
1889 3279 1890 3310 ³

161 3361 260 3478 plicis
281 3360 405 3442 donea
426 3361 513 3440 beuti
535 3363 696 3440 leronimi
720 3391 765 3441 ex
777 3365 854 3470 suis
886 3364 1003 3473 ppdbm
1023 3363 1211 3443 dinirrula.
1272 3365 1432 3444 Videtur
1453 3365 1545 3444 mihi
1570 3387 1663 3464 opus
1688 3363 1788 3440 istud
1889 3409 1890 3412 =

168 3483 207 3535 ni
229 3463 418 3556 germania
443 3463 545 3560 typis
572 3462 763 3552 excusum,
792 3489 837 3541 eo
864 3480 1050 3640 tempore,
1081 3488 1153 3563 quo
1178 3465 1321 3542 litteras
1345 3485 1518 3546 romanas
1543 3462 1722 3540 rotundas
1744 3462 1788 3540 in

167 3555 394 3655 impressione
416 3559 593 3637 librorum
617 3562 815 3638 adhibendi
838 3589 907 3642 nec
955 3587 1020 3640 uin
1042 3563 1265 3640 consuetudo
1301 3563 1513 3639 obtinuerat
1545 3560 1644 3657 apud
1669 3573 1786 3658 typo·
1889 3579 1890 3582 ‘

169 3657 331 3753 graphos
353 3659 393 3734 io
443 3661 608 3736 ermanin
629 3661 730 3738 cirea
753 3683 891 3742 annum
912 3685 1162 3762 nemper470
1185 3662 1225 3742 dc
1249 3685 1352 3774 ¹42¹·
1433 3656 1546 3735 Anno
1568 3659 1668 3736 enim
1690 3681 1736 3756 14
1765 3683 1787 3732 a
1889 3689 1890 3756 i

170 3753 385 3831 Guntherus
408 3682 542 3870 {aines
564 3757 665 3854 typis
688 3761 858 3838 rotundis
880 3759 1177 3859 perelegantibus
1192 3755 1317 3833 Isidori
1338 3753 1558 3860 Hispalensis
1581 3755 1695 3868 libros
1711 3681 1785 3867 >Hs
1889 3763 1890 3770 '

173 3851 386 3948 Etymolog.
405 3875 481 3952 yani
502 3852 694 3950 impressit,
721 3869 765 3932 ut
786 3857 865 3934 dixi
887 3857 936 3935 ad
963 3857 1062 3933 hunc
1084 3879 1234 3941 annum.
1312 3855 1341 3932 F
1343 3868 1425 3932 orte
1446 3868 1577 3932 tamen,
1594 3851 1713 3932 lilium
1744 3875 1786 3930 io

172 3947 302 4034 cirita
325 3950 383 4036 bis
406 3975 603 4032 occurrens
625 3956 900 4056 typographum
918 3956 960 4034 in
980 3953 1103 4036 Gellio
1123 3966 1416 4060 commorantem
1437 3951 1575 4053 prodit.
1651 4041 1654 4050 ,

368 4139 384 4278 ᾗ
434 4152 633 4278 ‘eiiii
661 4163 953 4260 mentioni
980 4165 1027 4259 s
1044 4167 1292 4283 nunnius.
1325 4164 1379 4256 iu
1398 4143 1542 4257 roi,
1687 4241 1690 4248 .

271 4362 315 4443 ln
334 4363 457 4441 fronte
475 4362 606 4462 primae
633 4363 779 4462 paginae
811 4343 912 4442 tituli
943 4363 1027 4440 loco
1040 4330 1130 4444 ‘haec
1152 4362 1187 4440 le
1240 4372 1327 4438 ntor
1347 4357 1533 4459 impressa:
1574 4301 1701 4455 Iu'ci'pil
1729 4313 1789 4433 sibl
1889 4425 1890 4428 γ

178 4455 384 4537 eucirridion
399 4461 487 4560 sniis
510 4463 676 4561 augustini·
698 4460 732 4536 d’
746 4461 821 4560 fide
836 4460 899 4561 spe
921 4460 963 4539 &l
980 4465 1131 4538 cariture.
1224 4483 1288 4536 um
1310 4455 1384 4534 sine
1410 4459 1535 4552 aliquo
1557 4455 1666 4534 titulo
1696 4456 1790 4532 ineis

42 4689 50 4711 ι
158 4561 233 4672 pit
258 4559 438 4656 Prologus
460 4559 500 4638 S.
515 4555 710 4658 Augustini
733 4561 782 4638 ad
801 4559 1064 4648 Laurentium,
1090 4559 1155 4664 qui
1176 4557 1397 4638 terminum
1419 4551 1556 4636 auersae
1577 4553 1792 4728 pagibaian·
