3788 5034
180 520 279 600 roste
300 517 497 618 suspicatos
517 505 640 604 firill'ess
666 511 857 596 Calderini
880 517 921 595 ln
945 517 1162 620 Iuvenalem
1185 519 1471 600 commentarios
1493 519 1569 622 jam
1595 527 1683 602 ante
1704 520 1794 602 lunc

181 619 565 696 editionemvenetam
587 617 721 696 Rornae
744 641 843 694 anno
869 643 965 720 1474
984 616 1087 696 fuisse
1110 619 1212 716 typis
1238 617 1400 696 excuso&
1459 622 1557 698 Sane
1577 645 1645 720 per
1668 624 1793 708 verba,

180 715 264 794 editi
285 716 404 793 Romo
424 739 514 792 carro
539 741 554 790 1
584 739 653 816 74,
677 715 772 792 nihil
792 715 893 792 aliud
918 717 1066 792 videtur
1090 716 1214 802 innui,
1265 741 1351 793 uam
1366 717 1602 797 Calderlnum
1614 721 1685 796 hos
1701 743 1795 795 com·

159 817 388 894 vmontarioa
413 812 547 891 absolv’
579 839 619 900 e,
646 811 686 891 dr
709 814 749 889 in
771 813 893 890 lucem
915 815 1025 890 edere
1043 813 1229 911 publicam
1279 814 1426 903 aruisse,
1453 841 1538 893 cum
1558 817 1691 895 Romae
1707 839 1798 892 anno

185 938 282 1088 14ἰ4
301 910 529 998 versaretur,
564 909 623 996 dc,
664 922 708 987 ut
726 907 883 987 secunda
911 910 1122 1008 subscriptio
1152 910 1323 1026 expressis
1354 915 1475 990 verbis
1507 915 1643 1000 sonat,'
1662 915 1801 1030 ,ibidem

181 1003 1803 1208 1111111111...1111111111111111111111111·

181 1303 271 1402 IV.
302 1305 534 1400 Laurentii
559 1301 702 1398 Valla
725 1299 1053 1415 Elegantiarum
1078 1299 1258 1414 Languae
1284 1303 1428 1390 latina
1451 1327 1548 1392 com
1584 1303 1802 1392 endiuma

292 1421 424 1512 Bono
457 1418 674 1508 Accursro
709 1415 859 1508 Pisano
894 1419 1219 1506 concinnatum.
1268 1415 1516 1531 Impreffum
1610 1418 1802 1508 ediolani

299 1562 381 1656 per
404 1533 657 1650 Philippum
688 1534 742 1623 de
760 1529 988 1646 Lauagnia
1013 1559 1109 1620 ano.
1141 1555 1265 1642 1475.
1290 1531 1334 1620 in
1369 1553 1461 1642 ato.

281 1730 325 1810 In
345 1728 471 1810 aversa
488 1727 599 1830 primi
619 1725 699 1805 folii
720 1728 857 1828 pagina
882 1725 1001 1841 exstat
1017 1723 1117 1802 Boni
1143 1722 1307 1838 Accurfii
1326 1724 1486 1840 Epistola
1506 1725 1736 1804 dedicatoria
1759 1725 1804 1803 ad

180 1829 340 1909 Cichum
361 1829 595 1907 Simonetam
618 1826 789 1903 ducalem
815 1826 1077 1904 Secretarrum.
1127 1823 1170 1901 ln
1184 1824 1293 1924 hujus
1312 1847 1412 1900 emm
1427 1826 1626 1902 liberorum
1646 1827 1807 1923 gratiam

179 1929 312 2006 Bonus
333 1923 532 2002 Accursrus
562 1925 722 2024 praesens
752 1923 1014 2037 compendium
1039 1921 1302 2036 adornaverat,
1342 1935 1385 1998 ut
1405 1923 1478 2022 ipse
1499 1923 1649 1999 testatur
1672 1925 1710 1999 in
1737 1925 1806 1999 hac

181 2024 343 2123 epistola.
392 2023 498 2098 Folio
521 2021 681 2098 secundo
700 2021 822 2097 statrm
842 2033 1025 2116 morprunt
1043 2017 1223 2096 Laureotrl
1247 2017 1414 2120 Vollmfis
1428 2019 1509 2098 Vtri
1526 2018 1706 2124 Clarifflmi
1720 2019 1804 2096 Ele·

179 2123 309 2238 gentio
329 2118 395 2197 Aa
415 2119 526 2234 Breoe
550 2114 731 2233 Quoddom
752 2114 811 2192 Ac
828 2114 981 2252 s'egutilc
1001 2114 1157 2194 Redaao
1184 2115 1428 2290 Comfirndium.
1490 2115 1616 2216 Atque
1637 2119 1719 2195 haec
1744 2141 1802 2193 ca·

179 2220 356 2332 pualrbue
379 2217 471 2331 sunt·
486 2216 623 2294 Μ
651 2214 1805 2410 ¹¹¹¹l‘⁶lu¹llltll?llalilii‘lffldlutlll‘
1868 2327 1869 2336 ψ

179 2311 816 2526 ἓξὲξξὲωέίῗρῗεξῖθπΐῗὲηῐῶτω,
853 2335 1304 2582 &paflnarumpmuneri
1327 2337 1480 2488 dialtirrrt.p
1538 2335 1688 2526 Colirllat
1704 2335 1803 2524 Jopus

180 2515 369 2610 integrum
390 2511 491 2629 solus
516 2507 694 2607 imprelsrs
718 2508 948 2624 septuaginta
984 2520 1119 2607 eptem.
1170 2507 1212 2584 In
1234 2504 1358 2623 auersa
1384 2507 1554 2624 postremr
1569 2509 1650 2583 folrr
1673 2529 1806 2606 pagrna

179 2603 1092 2810 lgtagcffigrltglrmrrsrg'p'resszsdsdeldtrozlgorfflrffirm
1109 2631 1174 2707 per
1191 2603 1395 2709 Magrjlmm
1410 2603 1603 2706 Pirlprpum
1625 2603 1667 2681 de
1681 2605 1803 2706 looog·

181 2899 243 2996 V.
276 2893 513 3020 Augustini
539 2895 650 2989 Doti
674 2891 863 3014 Senmsts
886 2891 1147 3102 lslfflfflsls
1171 2897 1344 3032 libellus
1371 2897 1419 2989 io
1449 2899 1670 3016 eloqoilio
1693 2923 1804 3019 pro-

297 3025 420 3133 cepto
459 3014 518 3106 ad
550 3013 778 3106 Aaronom
817 2999 1014 3130 Cirrssop
1047 3039 1118 3104 ora
1145 3007 1311 3124 filium,
1355 3011 1499 3128 (Haec
1535 3015 1806 3108 verbotenus

297 3133 500 3264 leguntur
526 3130 571 3220 in
604 3125 953 3218 frontesecundi
974 3130 1116 3262 lolii)
1142 3156 1295 3333 Ιχ1111111111
1324 3130 1443 3264 typis
1468 3132 1803 3266 imprimendum

158 3291 165 3304 ·
297 3269 467 3336 curavrt
493 3244 644 3335 Bonus
670 3244 905 3332 Accursrus
937 3239 1110 3331 Prsanuc
1198 3245 1393 3334 edrolam
1433 3270 1513 3362 per
1556 3245 1804 3360 l'hrbppum

301 3362 356 3446 de
389 3357 615 3474 Lauagoia
643 3383 757 3448 anno
787 3382 913 3472 1475.
946 3356 992 3447 in
1021 3377 1117 3469 410.

281 3552 324 3628 ln
344 3547 469 3626 aversa
491 3547 601 3646 primi
628 3547 711 3626 solii
738 3547 874 3646 pagina
894 3547 1013 3624 exstat
1040 3547 1139 3624 Boni
1170 3546 1366 3639 Accursrii,
1408 3551 1471 3650 qui
1493 3575 1587 3651 opus
1607 3553 1711 3652 typis
1735 3555 1804 3630 im·

181 3649 415 3752 primendum
440 3647 603 3733 curavit,
630 3645 792 3743 Epistola
812 3646 1041 3722 dedicatoria
1058 3647 1105 3721 ad
1120 3647 1276 3724 Cichum
1297 3648 1530 3728 Simonetam
1551 3653 1712 3750 primum
1733 3655 1801 3728 du·

182 3749 300 3825 calcm
316 3745 575 3822 Secretarlum.
628 3743 795 3819 Externa
827 3742 938 3840 hujus
970 3743 1149 3840 opusculi,
1188 3747 1287 3840 quod
1317 3745 1419 3822 foliis
1456 3749 1596 3826 constat
1629 3750 1804 3848 impressis

181 3845 427 3943 quadraginta
442 3854 612 3926 tanturn,
636 3840 756 3915 sorma
777 3841 908 3916 eadem
932 3840 1075 3936 prorsus
1099 3842 1149 3916 est
1172 3866 1257 3917 cum
1278 3845 1448 3941 proxime
1472 3847 1709 3944 praecedentl.
1763 3851 1802 3923 ln

165 3949 302 4121 ,Prima
323 3941 446 4016 ultimi
471 3939 551 4014 solii
575 3939 708 4052 pagina
731 3939 814 4014 haec
834 3937 1026 4052 leguntur:
1051 3936 1253 4051 Mediolani.
1284 3941 1480 4046 Impreffam
1505 3967 1570 4045 per
1597 3943 1814 4050 Magistrum.

211 4039 375 4139 lrilippom
396 4035 438 4111 de
461 4033 655 4133 Louogmo.
681 4059 784 4138 1475.
809 4032 863 4110 dae
891 4049 947 4121 18.
968 4034 1107 4114 Mami.
1277 4113 1278 4116 4

180 4233 269 4330 Vl.
301 4238 455 4322 Aurea
480 4227 624 4318 Biblla
648 4227 839 4318 Antonii
858 4227 998 4346 Ampi
1029 4227 1109 4318 olli
1138 4227 1248 4320 Ord.
1273 4229 1459 4326 Eremit.
1490 4237 1538 4332 S.
1555 4235 1801 4352 Augustini.

270 4345 440 4468 'Ulmae
467 4371 563 4434 ann.
594 4366 720 4470 1475.
748 4368 827 4459 per
853 4339 954 4458 Joh.
1019 4345 1154 4435 einer.
1183 4346 1229 4434 in
1249 4341 1291 4437 F
1294 4345 1354 4438 ol.
1555 4349 1560 4356 '

279 4517 342 4598 Est
362 4517 512 4594 lexicon
535 4512 810 4612 alphabeticum
831 4515 993 4602 Morale,
1021 4517 1081 4592 cui
1105 4539 1240 4594 nomen
1258 4515 1385 4597 Aurea
1405 4519 1527 4598 Biblia
1548 4479 1634 4599 ideo
1656 4523 1803 4600 videtur

181 4619 361 4718 inditum,
400 4613 501 4714 quod
522 4611 678 4693 vitanda
704 4613 743 4692 δι
774 4614 918 4712 agenda
944 4615 1146 4692 maximam
1176 4620 1519 4776 partem‘exemplis
1542 4620 1581 4699 δι
1601 4620 1745 4795 ligurisS
1756 4647 1802 4698 ex
