3790 5030
762 228 1086 354 ΑΒ
1676 271 1734 354 21·

96 419 278 535 ‘munga
299 433 494 539 prosefforis
523 431 640 514 minii
654 433 890 538 superomnia
910 463 1012 536 opero
1033 435 1313 515 diuiniriohlore'r.
1353 431 1473 516 lhomr
1495 436 1665 536 aquinatis
1675 438 1732 532 se·

107 535 223 611 liciter
243 536 312 610 inei
334 538 371 610 it.
451 534 556 612 Tunc
581 536 795 614 immediate
814 537 979 633 sequitur
1005 537 1180 616 Praelatio
1201 539 1240 614 in
1263 560 1356 635 opus
1373 537 1547 635 praesens,
1571 537 1631 614 cui
1655 536 1734 612 sub-

105 631 256 730 juntlus
280 557 333 708 el
355 633 546 730 catalogus
566 657 720 728 operum
741 632 782 710 S.
801 634 956 710 Thomae
982 635 1029 710 de
1049 631 1210 732 Aquino.
1269 635 1380 712 Hunc
1400 634 1541 730 excipit
1564 632 1626 709 nris
1647 636 1732 726 (nu-
1793 643 1798 678 ¹

106 727 257 830 merus)
277 728 319 806 ss
343 729 427 804 ordo
446 729 629 830 opuscusoq
643 729 733 829 sossi
744 729 893 807 dolionis
946 759 978 804 m
998 753 1033 828 qe
1059 731 1146 831 alleg
1191 732 1224 806 t*
1246 734 1281 809 in
1308 731 1371 807 hac
1393 728 1519 807 rabula.
1570 733 1730 808 Demum

105 827 307 923 sequuntur
328 829 612 924 adprobationes
635 828 811 906 doslrinae
834 830 872 906 S.
923 831 1048 906 homae
1080 827 1120 930 1)
1180 831 1283 906 rbani
1307 831 1428 926 Papae.
1481 826 1522 929 2)
1546 827 1730 906 Universr·
1779 861 1781 866 ¹

106 927 200 1000 tatis
225 923 440 1016 Parisrensrs.
510 931 550 1020 3)
575 927 782 1002 Innocentii
811 928 850 1002 in
884 927 1051 1004 sermone
1078 929 1125 1003 de
1160 927 1198 1002 S.
1219 928 1360 1002 Thoma
1382 927 1485 1023 super
1507 926 1616 1018 illud:
1642 925 1731 1001 Ecce

100 1023 185 1120 plus
207 1047 308 1120 mom
330 1021 491 1120 Salomon
518 1021 583 1098 hic.
645 1021 771 1119 Atque
796 1024 877 1100 haec
901 1025 1050 1121 quidem
1074 1025 1191 1101 tribus
1217 1026 1316 1122 soliis
1339 1023 1512 1122 impreffis
1531 1025 1730 1101 'continen-

103 1134 178 1196 tur.
233 1119 337 1195 Folio
360 1123 509 1196 demum
531 1133 662 1217 quarto
686 1121 760 1217 ipsa
782 1121 914 1221 incipit
930 1122 1075 1210 tabula,
1102 1121 1162 1199 seu
1183 1123 1313 1207 index,
1339 1123 1489 1220 gothico
1509 1120 1726 1210 charastere,

104 1220 231 1293 minus
254 1217 387 1312 longo,
425 1242 494 1294 nec
517 1219 644 1317 pinqui
671 1219 892 1307 admodum,
933 1220 1074 1298 chartae
1096 1219 1316 1297 nitidiffimae
1338 1220 1545 1318 impressus.
1590 1218 1727 1296 Desunt

104 1315 292 1398 custodes,
327 1315 543 1412 lignaturae,
581 1317 798 1413 paginarum
833 1319 998 1407 numeri,
1037 1317 1262 1396 &initiales
1292 1319 1429 1396 litterae
1462 1341 1614 1400 vocum,
1641 1337 1726 1413 quae

103 1416 236 1511 primae
261 1412 342 1488 sunt
365 1415 404 1488 in
427 1415 558 1489 ordine
582 1413 778 1510 alphabeti.
848 1415 892 1491 ln
914 1416 1089 1514 superiori
1111 1418 1278 1513 margine
1307 1415 1473 1514 cujusvis
1498 1417 1643 1512 paginae
1668 1416 1724 1490 in·

107 1513 257 1586 dicatur
286 1510 404 1606 prima
426 1510 563 1607 syllaba
589 1535 743 1597 vocum,
780 1535 863 1609 quae
885 1514 1021 1590 ibidem
1042 1526 1259 1599 occurrunt,
1294 1537 1325 1589 e.
1341 1537 1377 1612 g.
1404 1511 1500 1598 DA,
1526 1510 1724 1588 ubilermo

105 1609 154 1684 est
185 1608 232 1684 de
259 1605 508 1684 damnatione.
590 1605 666 1708 Aa
681 1609 822 1706 calcem
850 1612 1051 1690 voluminis
1074 1610 1160 1688 satis
1184 1611 1296 1709 ampli
1318 1612 1490 1708 leguntur
1517 1611 1721 1705 sequentia:

103 1705 348 1806 Religiostffimi
366 1708 436 1782 uiri
453 1707 584 1802 scutris
606 1708 698 1806 petri
720 1705 761 1780 de
787 1705 957 1806 Bergonro
978 1706 1108 1784 ordinis
1169 1706 1331 1806 edicnlo4
1347 1707 1446 1806 sacre
1467 1704 1626 1806 theologie
1641 1732 1722 1804 pro·

97 1803 234 1902 seffori:
255 1805 381 1879 eximii.
404 1803 638 1903 superomnia
663 1830 684 1878 o
706 1829 764 1880 era
781 1803 891 1880 diuini
914 1803 1057 1881 sotionis
1136 1831 1206 1882 orne
1231 1804 1417 1902 Aquinatir
1443 1803 1559 1880 tabula
1574 1805 1723 1900 filicitrr

97 1902 194 2001 finit.-
242 1899 355 1999 Impre
382 1929 437 1978 um
451 1901 636 2000 finitumq3
698 1903 792 2003 afilee
809 1929 871 2000 per
890 1929 940 1978 nae
954 1901 1159 1980 Bernhardri
1182 1901 1302 1981 Richel
1318 1905 1420 1979 ciuem
1433 1902 1592 2002 nestrae.
1616 1899 1721 1982 Anno

107 1999 163 2080 τὲ.
196 1998 339 2089 tang*
371 2027 384 2076 r
416 1997 482 2099 78)
504 1999 558 2074 die
579 2003 707 2076 ueneris
729 1999 758 2098 q
774 2001 848 2097 ficit
868 2015 990 2099 quarta
1006 2003 1120 2098 menfis
1138 1998 1326 2078 decenbris.
1377 2002 1449 2076 His
1468 1999 1620 2097 subjecta
1642 2000 1723 2076 sunt

102 2099 325 2271 apographi
349 2026 512 2192 inlrgnia.
590 2099 764 2176 Meminit
796 2097 912 2216 hujus
945 2101 1120 2180 editionis
1149 2101 1265 2184 etiam
1298 2099 1452 2177 Orlandi
1473 2101 1514 2176 in
1540 2097 1721 2200 Originae

152 2195 268 2314 ogeeffl
287 2193 373 2271 delio
382 2197 516 2297 stampe
536 2219 619 2296 pag.
644 2201 724 2276 roo.
1595 2274 1600 2285 .

103 2413 190 2506 llI.
221 2393 407 2506 Thome
443 2415 498 2501 de
530 2385 997 2522 Haselba'ch,The01.
1029 2411 1268 2520 nonoris,
1303 2412 1347 2502 br
1384 2409 1636 2504 Professoris
1671 2411 1717 2501 in

187 2535 198 2548 ”
225 2519 469 2619 Academia
491 2525 729 2618 Viennensr
752 2535 1010 2619 Sermonum
1037 2527 1383 2618 Dominicalium
1414 2530 1459 2617 in
1497 2527 1717 2644 Epistulas

223 2645 269 2737 S.
299 2641 419 2732 Pauli
457 2642 554 2732 Pars
582 2641 618 2730 l.
654 2659 779 2756 1478·
837 2643 939 2732 Pars
965 2646 1026 2732 ll.
1049 2642 1121 2731 l'eu
1147 2643 1368 2752 estivalis,
1405 2641 1491 2732 ime
1515 2645 1619 2731 loco
1646 2667 1717 2732 an-

219 2787 279 2849 no
307 2757 352 2846 bc
382 2755 704 2872 Typographo.
735 2785 777 2853 2.
804 2757 929 2851 Voll.
959 2759 1005 2846 in
1031 2755 1072 2846 F
1075 2761 1136 2852 ol.
1162 2761 1267 2866 prin.
1600 2787 1604 2796 ·
1810 2773 1817 2784 ’

267 2951 401 3030 Ambae
424 2965 573 3051 partes,
597 2953 732 3029 iisdem
747 2951 828 3030 sunt
842 2954 960 3052 typis,
975 2949 1180 3050 ‘eidemque
1195 2955 1334 3032 chartae
1347 2951 1543 3049 impressae,
1568 2967 1612 3031 ut
1624 2953 1718 3052 adeo

103 3055 246 3135 nullum
267 3049 310 3129 srt
335 3051 486 3127 dubium
504 3051 593 3149 quin
616 3076 665 3128 ex
689 3051 817 3127 eadem
844 3052 1087 3150 typographia
1115 3050 1244 3128 eodem
1268 3051 1416 3152 circiter
1440 3063 1606 3148 tempore
1631 3073 1717 3148 pro·

102 3155 252 3232 dierint.
305 3150 407 3225 Parti
426 3150 571 3245 utrique
594 3147 769 3246 praefixus
794 3148 844 3225 est
865 3149 978 3225 index
999 3147 1249 3246 alphabeticus
1272 3149 1519 3224 materiarum.
1598 3148 1715 3223 lndex

103 3276 193 3330 vero
221 3247 387 3328 secundae
406 3247 523 3344 partis
544 3246 724 3322 tredecim
741 3246 880 3322 constat
904 3247 1005 3322 soliis
1028 3242 1213 3342 imprellrs.
1262 3247 1425 3342 Uterque
1439 3249 1479 3320 in
1497 3246 1621 3320 averla
1639 3245 1714 3342 pri·

104 3351 158 3428 mi
184 3349 265 3424 folii
285 3343 578 3442 paginalincipit.
628 3343 721 3419 Pars
743 3345 863 3440 prima
883 3345 922 3419 in
944 3345 1066 3419 fronte
1093 3342 1171 3418 solii
1199 3367 1241 3440 13
1265 3344 1361 3420 hanc
1377 3341 1488 3418 habet
1511 3339 1713 3440 inscriptio·

11 3497 12 3502 =
105 3471 215 3524 nem:
243 3441 368 3540 Incipit
392 3442 616 3612 primosum
638 3438 796 3541 sermoni
822 3440 1038 3517 dominicalis
1063 3440 1136 3546 sup
1168 3440 1315 3544 epistolas
1342 3437 1455 3515 Pauli.
1478 3461 1508 3520 κ
1527 3437 1576 3538 ese
1598 3445 1722 3546 sterp

106 3541 339 3621 circuitiones
363 3541 490 3640 egregii
537 3541 573 3614 eii
594 3535 736 3615 eunom
761 3541 853 3638 mgni
880 3537 1000 3614 mame
1024 3535 1059 3612 d'
1080 3535 1251 3642 haselbach
1282 3541 1318 3613 in
1348 3539 1483 3638 austria.
1599 3545 1714 3636 epri-

104 3667 157 3719 mo
175 3639 352 3741 innitatur
379 3635 496 3736 ,plog⁹
510 3639 545 3714 in
561 3634 624 3712 hic
649 3636 749 3714 mod.
824 3637 946 3714 Partis
975 3658 1064 3711 vero
1084 3636 1253 3715 ¹secundae
1279 3637 1317 3712 in
1340 3635 1462 3711 fronte
1486 3634 1567 3711 folii
1591 3661 1636 3734 14
1662 3639 1714 3715 est

103 3741 257 3838 sequens
279 3733 383 3811 inseri
411 3737 482 3810 tio:
509 3733 586 3814 Inci
607 3731 793 3830 insecundo
809 3758 905 3834 pars.
946 3790 955 3810 .
984 3732 1125 3834 eslinalis
1137 3731 1295 3832 samoni
1318 3729 1489 3828 deicoliug
1517 3731 1620 3830 super
1646 3737 1714 3832 epi·

97 3839 204 3941 Jlosnr
223 3833 328 3910 Pausi
389 3829 481 3908 home
503 3830 544 3907 de
571 3761 757 3930 llaselbmh
776 3830 875 3928 sacre
899 3843 915 3907 t
937 3830 1060 3928 eulogie
1075 3827 1281 3934 professoris.
1360 3831 1515 3944 Litterae
1543 3831 1633 3918 sunt,
1647 3854 1714 3930 go·

105 3931 384 4014 thicaesormae.
435 3929 599 4006 initiales
626 3929 848 4017 sermonum,
879 3929 1066 4016 custodes,
1092 3929 1306 4026 signaturae,
1331 3949 1548 4026 pagrnarum
1572 3932 1716 4008 numeri

104 4035 142 4114 ἁ
175 4029 432 4126 inscriptiones
456 4025 595 4103 desunt.
670 4025 823 4104 Nullum
851 4030 965 4105 etiam
995 4028 1157 4105 occurrit
1187 4024 1327 4122 signum
1358 4023 1614 4115 dillinliionis,
1650 4027 1715 4104 nist
1826 4117 1831 4124 Ι

104 4130 292 4230 pnnstum.
356 4127 398 4202 ln
426 4125 499 4202 sola
522 4123 682 4222 partium
701 4128 978 4202 enumeratione
1002 4125 1099 4202 boen
1126 4125 1287 4201 occurrit
1308 4123 1520 4219 oblongior,¹
1555 4148 1586 4199 e.
1610 4145 1645 4220 g.
1678 4125 1716 4201 in

104 4224 291 4326 nnmpnal
320 4225 355 4300 in
379 4224 509 4322 iejuniis
532 4216 741 4320 &uigiliisl
775 4224 810 4298 in
830 4223 925 4318 same
950 4224 1020 4300 &c
1086 4224 1285 4301 Sermones
1306 4219 1470 4317 plerique
1491 4213 1571 4296 sunl
1596 4217 1717 4296 susrlll·

106 4329 183 4415 mi,
218 4324 363 4420 fuitque
389 4321 513 4397 austor
535 4319 627 4394 alias
652 4340 797 4416 quoque
812 4320 922 4396 nimis
936 4319 1104 4408 diffusus,
1132 4319 1367 4418 &prolixum
1392 4319 1506 4403 adeo,
1534 4327 1576 4392 ut
1591 4337 1717 4412 quem·

106 4421 313 4502 admodum
330 4419 376 4496 de
395 4443 440 4495 eo
465 4431 591 4493 narrat
615 4415 753 4494 Sixtus
771 4417 937 4497 Se'nensrs
958 4419 998 4496 in
1018 4419 1238 4495 Bibliothec.
1261 4414 1363 4491 Sacr.
1380 4414 1458 4489 Lib.
1471 4411 1552 4497 IV..
1580 4412 1620 4489 in
1633 4436 1718 4494 aea·

11 4609 13 4620 ¹
107 4521 234 4600 demia
253 4514 451 4598 Viennenn
477 4537 542 4614 per
568 4515 702 4614 viginti
732 4513 770 4594 dt
799 4539 915 4594 unum
952 4539 1068 4594 annos
1095 4517 1317 4618 Prophetam
1345 4503 1720 4708 Isaiam‘publicqliex·
