3830 5036
151 285 207 370 52
799 237 1124 374 ψ

155 459 246 569 liber
273 453 409 570 divisus
431 447 493 534 est.
574 451 701 556 Atque
717 449 915 571 'ejusmodi'
932 453 1034 536 timii
1058 453 1209 570 singulis
1233 417 1347 532 etiarn
1371 449 1476 558 libris
1501 447 1583 532 sunt
1611 448 1767 568 praefixi

158 557 305 632 Primus
329 557 422 632 hbet
440 551 661 633 terminatur
687 555 778 632 solro
811 559 876 650 56,
915 553 1052 631 aversae
1085 575 1232 652 pagrnae
1259 553 1432 630 columna
1458 551 1634 640 secunda,
1673 551 1771 668 linea

64 661 80 682 ⁴
159 677 216 748 54.
269 651 414 751 Insuper
432 676 522 730 vero
543 653 625 731 haec
648 651 788 751 adjecta
813 651 894 727 sunt
916 651 1041 729 verba.
1098 650 1260 751 Explicit
1282 647 1368 727 liber
1387 651 1520 749 primus
1542 646 1680 824 segre
1733 672 1764 723 rs

157 751 268 826 Liber
290 752 442 848 quintus
463 752 683 828 termInatur
709 750 808 826 folio
832 774 920 846 230,
947 749 1093 846 paginae
1117 747 1255 826 aversae
1282 750 1455 824 columna
1477 747 1584 824 secun
1639 801 1651 836 ,
1677 747 1775 823 linea

1891 312 1897 558 l

163 851 227 934 rb,
253 869 336 946 quae
357 849 418 926 his
446 848 586 926 constat
608 847 750 936 verbis,
774 843 827 923 Et
837 847 888 946 fic
907 849 950 948 efl
959 845 1047 944 finit
1067 845 1145 924 Irrri²
1170 843 1253 922 ian·
1272 835 1366 946 quisi.
1415 847 1458 922 ln
1479 845 1610 922 eadem
1634 845 1778 922 colum·
1896 865 1900 932 χ

161 967 210 1020 na
234 945 391 1060 Impressr
411 947 586 1044 leguntur
611 945 714 1022 tituli
737 970 780 1043 31
832 945 949 1022 riores
969 943 1053 1021 libri
1074 945 1177 1024 sexti.
1256 944 1439 1020 Columna
1463 943 1606 1041 quaeris
1633 944 1783 1039 integra

162 1043 271 1120 tineis
293 1041 469 1142 impressis
489 1048 537 1121 ba
551 1043 702 1128 constat,
753 1039 791 1117 A
837 1042 978 1120 calcem
995 1042 1080 1120 libri
1107 1043 1245 1130 oiiavi,
1275 1041 1338 1140 qui
1358 1043 1578 1118 termInatur
1597 1041 1689 1116 solio
1705 1063 1779 1138 402
1897 1039 1898 1042 '

162 1140 308 1243 paginae
328 1139 465 1218 aversae
480 1139 652 1228 columna
675 1140 812 1239 prima,
836 1138 936 1216 linea
950 1148 1017 1227 bo,
1042 1143 1123 1218 haec
1145 1140 1338 1236 leguntur:
1354 1137 1482 1239 sequit*
1503 1137 1544 1213 de
1562 1136 1665 1238 dbo4
1675 1137 1785 1238 figni-

156 1235 322 1337 ficacoibo
344 1242 382 1316 ti.
411 1249 485 1317 λι.
509 1240 535 1314 i.
558 1264 591 1316 e.
616 1239 749 1315 titulus
770 1263 828 1338 41.
901 1238 943 1314 In
970 1238 1141 1315 columna
1166 1236 1276 1335 hujus
1303 1239 1447 1336 paginae
1464 1236 1645 1324 secunda,
1670 1257 1786 1333 quam

14 1401 16 1414 .
164 1359 323 1412 vacuam
345 1336 494 1432 reliquit
516 1336 789 1434 typographus,
815 1335 1009 1423 miniator,
1034 1337 1144 1412 unius
1168 1360 1216 1411 ex
1242 1359 1263 1411 2
1286 1334 1574 1431 exemplaribus,
1600 1353 1686 1431 quae
1705 1331 1793 1446 pose

165 1430 342 1510 fidemus!
365 1433 529 1510 tabulam
551 1432 735 1532 adscripsit
755 1435 1116 1521 abbreviaturarum,
1153 1455 1247 1530 quas
1270 1433 1525 1529 typographus
1547 1435 1586 1508 in
1609 1433 1680 1507 hac
1706 1431 1787 1508 edi·

165 1531 269 1608 tione
290 1529 468 1608 adhibuit
531 1529 627 1607 Tum
645 1531 686 1608 in
710 1532 832 1607 nostro
860 1531 1010 1628 quidem
1042 1545 1199 1627 utroque
1223 1531 1426 1627 exemplari
1453 1529 1584 1606 solium
1602 1529 1788 1627 reperitur

167 1651 338 1706 vacuum.
388 1624 456 1704 Ast
478 1627 569 1706 solio
593 1626 757 1730 sequenti
780 1655 854 1728 404
874 1629 1006 1726 incipit
1027 1630 1154 1707 tabula
1178 1628 1238 1706 seu
1262 1627 1375 1704 index
1398 1627 1650 1725 alphabeticus
1672 1648 1788 1704 voca·

167 1724 340 1802 bulorum
362 1727 402 1802 in
424 1749 578 1826 corpore
604 1724 698 1825 juris
721 1739 1001 1814 contentorum,
1030 1750 1113 1825 quae
1141 1737 1341 1804 occurrunt
1364 1726 1419 1801 fre
1444 1726 1605 1801 uentius.
1669 1719 1789 1835 Adje-

168 1822 390 1919 aequoque
411 1822 561 1922 fingulis
582 1825 634 1900 est
657 1827 925 1930 interpretatio,
976 1825 1212 1902 Terminatur
1231 1823 1313 1900 haec
1339 1825 1402 1900 tab
1441 1823 1566 1898 afolio
1586 1847 1661 1921 414
1683 1844 1790 1920 pagr-

170 1941 219 1995 na
242 1922 379 2015 prima,
405 1922 578 2023 columna
599 1920 774 2010 secunda,
800 1923 898 1998 linea
913 1938 972 2019 58.
1039 1923 1081 1997 In
1101 1919 1226 1997 aversa
1247 1922 1382 2019 pagina
1403 1921 1534 2018 incipit
1559 1921 1790 1996 indextitu·

148 2018 292 2093 ‘lorum
312 2017 405 2113 juris
428 2019 618 2103 canonici,
660 2020 723 2113 qui
749 2020 791 2093 io
812 2021 883 2095 hoc
916 2041 1027 2116 opere
1050 2019 1294 2116 explicantur.
1373 2018 1484 2096 Hunc
1509 2019 1650 2116 echpit
1672 2017 1790 2094 index

172 2111 425 2210 alphabeticus
448 2115 615 2189 omnium
636 2114 832 2191 titulorum
852 2117 1046 2212 utriusque
1068 2115 1180 2214 juris,
1247 2117 1287 2192 ui
1309 2116 1471 2192 citantur
1493 2113 1532 2194 δι
1555 2115 1791 2214 explicantur

174 2213 215 2286 in
238 2211 389 2296 eodem,
415 2213 637 2288 conuiuatus
657 2212 748 2289 solio
771 2239 855 2326 423.
900 2214 1010 2310 agina
1028 2215 1167 2328 prima,
1193 2137 1365 2296 cssunrna
1379 2212 1509 2310 prima.
1560 2211 1730 2288 Tandem
1741 2209 1794 2286 se·

199 2307 304 2383 uenti
325 2307 417 2384 solio
441 2308 573 2406 incipit
593 2309 707 2386 index
731 2333 845 2388 unrve
899 2312 946 2387 bs
971 2323 1088 2388 totius
1115 2313 1237 2410 operis
1258 2312 1388 2387 ordine
1415 2310 1646 2407 alphabetico
1673 2308 1794 2407 dispo·

175 2331 1210 2604 i..

177 2601 293 2680 editio
319 2600 443 2680 isthaec
466 2602 512 2680 ab
535 2601 618 2681 aliis
639 2601 713 2680 sine
734 2603 818 2680 loro
838 2605 877 2682 dc
898 2625 996 2680 anno
1022 2603 1246 2682 editionibus
1268 2599 1373 2702 poIIrt
1394 2602 1501 2680 facile
1530 2601 1694 2680 discerni.
1830 2655 1833 2660 ,

180 2842 310 2940 XIII.
341 2781 501 2942 Coram
525 2779 661 2944 Porcio
711 2853 874 2946 arundo
905 2847 1013 2948 Pon.
1042 2846 1173 2947 Mart.
1208 2847 1263 2945 Iu
1284 2850 1355 2943 erio
1377 2845 1473 2940 diui
1496 2848 1636 2942 morri
1661 2837 1689 2938 i.
1712 2837 1795 2940 Pr.

293 2959 475 3079 rostrae.
506 2959 669 3059 MCCC
703 2961 922 3062 LXVIII.
959 2967 1108 3062 oratio
1135 2960 1441 3058 Bartholomri
1465 2961 1517 3053 dr
1541 2955 1797 3078 Marascirir
1899 3055 1900 3072 .

251 3185 255 3191 .
289 3079 468 3312 {postas
487 3081 707 3180 Misceri.
728 3089 773 3178 li
795 3087 938 3206 ejusde
968 3081 1070 3178 Pon.
1096 3083 1212 3180 Max
1236 3082 1501 3206 depositarii
1531 3110 1642 3177 onoc
1658 3088 1797 3208 magi·

331 3201 374 3290 ri
397 3197 554 3291 domus
579 3199 701 3294 Sixti
728 3195 843 3322 Papa
864 3202 1033 3318 quarti,
1141 3286 1155 3304 .

282 3421 380 3502 Hoec
400 3426 624 3506 verbotenus
639 3427 811 3528 leguntur
826 3429 867 3504 in
884 3428 1007 3506 fronte
1027 3427 1157 3528 primae
1176 3423 1333 3602 ngInae.
1381 3421 1485 3504 'sune
1502 3423 1578 3526 ipsa
1597 3377 1718 3506 statim
1741 3429 1799 3504 in·
1899 3511 1900 3522 Ν

185 3524 276 3622 cipit
295 3521 414 3598 oratio
435 3525 558 3602 verbis
580 3550 628 3604 ex
649 3525 729 3627 Joh.
745 3527 817 3614 XI,
845 3548 904 3622 50.
924 3526 1171 3626 depromptis:
1233 3522 1369 3624 xpedit,
1393 3535 1431 3601 ut
1450 3551 1536 3602 unus
1556 3523 1651 3601 homo
1671 3527 1799 3602 maio·

185 3633 242 3700 tor
259 3644 326 3719 pro
338 3620 481 3718 popolo,
511 3617 553 3698 ss
573 3649 639 3707 non
655 3636 727 3700 roto
743 3648 825 3723 geos
839 3636 970 3720 pereatr
993 3647 1076 3723 quae
1089 3625 1215 3702 thema
1233 3623 1413 3697 orationIs
1431 3621 1667 3700 constituunt.
1718 3623 1800 3700 Lit-

186 3720 278 3798 teris
305 3717 514 3814 impreisum
536 3719 588 3796 est
608 3722 679 3798 hoc
702 3721 931 3819 opusculum,
957 3721 1036 3798 osto
1057 3721 1226 3796 constans
1246 3720 1364 3806 soliis,
1390 3721 1560 3798 rotundIs
1585 3723 1799 3818 perelegan-

188 3817 310 3900 tibus,
337 3813 531 3914 &papyro
550 3817 809 3907 mundissimae,
837 3817 897 3895 sed
910 3821 1033 3896 minus
1056 3817 1183 3896 firmae.
1231 3817 1368 3894 Desunt
1384 3815 1570 3906 custodes,
1596 3817 1803 3916 signatum,

187 3914 404 4014 paginarum
421 3914 577 4003 numeri
629 3915 671 3990 ln
686 3915 759 3994 fine
778 3915 892 3994 solum
904 3940 1023 3993 annus
1037 3929 1187 3992 notatur
1197 3911 1566 4008 MCCCCLXXIII.
1589 3939 1700 4014 quern
1722 3919 1805 4012 qui·

189 4012 275 4088 dem
301 4008 538 4124 impressionis
558 4035 695 4090 annum
720 4011 789 4090 esse
813 4015 879 4089 vix
897 4014 1035 4112 poterit
1060 4013 1100 4094 in
1119 4013 1273 4090 duqurn
1298 4012 1434 4089 vocari.
1484 4011 1619 4090 Annxis
1646 4013 1801 4112 quippe,

188 4131 262 4206 quo
286 4106 412 4184 habita
436 4107 486 4184 est
511 4111 650 4196 oratio,
678 4111 717 4186 in
741 4111 850 4187 titrrlo
874 4111 950 4210 jam
970 4113 1093 4192 fuerat
1119 4112 1315 4188 indicatus.
1395 4109 1502 4200 Quod
1523 4112 1658 4190 attinet
1679 4111 1804 4188 locum

188 4201 457 4302 impressionis,¹
472 4203 512 4282 dc
535 4209 828 4305 typographum,
854 4234 929 4286 non
952 4209 1100 4299 dubito,
1152 4209 1217 4286 uin
1237 4207 1371 4288 Romae
1388 4210 1429 4286 in
1448 4209 1560 4284 domo
1574 4209 1735 4324 Philippi
1756 4212 1804 4285 de

189 4301 409 4399 Lignamine
431 4300 679 4391 Messanensrs,
709 4307 770 4402 qui
792 4306 831 4382 In
856 4307 1026 4406 opusculo
1044 4307 1133 4386 n.X
1172 4365 1180 4382 .
1203 4305 1422 4384 recensendo
1448 4303 1482 4383 se
1511 4303 1708 4384 sanstiisrmr
1728 4307 1803 4382 Do·

192 4400 302 4486 mins,
331 4399 431 4474 Sixti
448 4401 585 4497 quarti
606 4402 801 4492 minirum,
826 4404 1046 4482 familiarem
1071 4404 1180 4496 dicit3
1206 4419 1382 4500 typorum
1403 4402 1572 4482 formulis
1593 4404 1706 4482 suerit
1733 4405 1803 4480 im·

189 4495 314 4602 prelia.
366 4495 484 4576 Iidem
505 4499 606 4578 enim
627 4500 772 4600 prorsus
803 4499 884 4579 sunt
912 4503 1016 4604 typi,
1041 4503 1172 4581 eadem
1195 4501 1324 4580 charta
1343 4501 1536 4600 utriusque
1559 4499 1732 4600 opusculi.

1445 4698 1451 4707 .
1618 4617 1746 4713 XIV.
1803 4607 1807 4626 '
