3790 5030
751 237 1081 362 ἑξ,-
1510 243 1512 248 ’
1602 345 1605 354 ,
1655 242 1722 336 x'rr

79 445 250 559 inepte
272 389 540 534 Inrrloodula
575 437 917 565 Tgpograplica'
935 447 1143 561 adpellari
1169 446 1249 560 (ln
1276 445 1382 542 ritu
1408 441 1454 556 so
1479 421 1743 556 drumm..

84 595 174 682 niel
209 605 341 685 meur
379 609 485 683 man
526 585 702 687 Crater
735 595 784 688 lu
817 589 897 688 brt
934 591 1096 706 turrae
1140 589 1266 700 felli
1308 587 1502 704 idicem
1542 605 1716 688 munta
1813 653 1821 672 .

81 725 299 838 tundit.)
381 723 489 817 Haec
514 730 649 818 verba
672 726 766 820 sunt
795 727 1020 836 Censoris,
1057 731 1214 833 ouibus
1235 731 1330 819 veri
1356 731 1519 846 aliquid
1554 721 1715 816 subesse

85 895 234 991 nemo
261 865 417 958 dolius
445 894 602 982 negare
637 872 817 986 poterit.
875 871 1040 964 Libros
1063 874 1249 992 quippe,
1275 872 1319 962 in
1345 874 1447 960 artis
1482 869 1714 985 Typogra·

82 1001 241 1116 phieae
265 999 537 1098 incunabulis
561 1004 786 1130 impressos
803 1007 856 1098 ab
873 1007 1147 1100 incunabulis
1163 1007 1262 1130 ipsis
1281 1003 1452 1096 disserre
1473 1000 1605 1094 facile
1619 1031 1712 1092 om·

80 1171 171 1232 nes
197 1143 453 1258 largientur,
488 1147 564 1264 qui
593 1149 647 1238 ad
667 1150 828 1256 vocis‚'
848 1147 1143 1254 Incunabula,
1176 1135 1711 1264 etymologiamrespexe·

80 1286 192 1372 rint.
228 1296 231 1302 ’
256 1285 423 1376 Verum
445 1286 495 1376 id.
516 1315 693 1406 quoque
716 1309 883 1382 certum
910 1291 990 1398 eli,
1018 1289 1235 1382 vocabula
1258 1311 1313 1380 ex
1334 1283 1410 1376 usn
1432 1284 1708 1406 loquentium

87 1425 230 1536 longe
254 1426 366 1512 alios
391 1425 607 1517 interdurn
639 1427 827 1518 nancisci
849 1430 1130 1543 significatus,
1161 1455 1289 1547 quam
1307 1429 1380 1546 qui
1398 1427 1517 1542 ipim,
1547 1411 1707 1540 spediu-

86 1583 135 1650 ta
163 1563 532 1678 eommorigine‚
568 1585 699 1681 atque
715 1567 1011 1680 etymologia,
1047 1585 1341 1680 competunt·
1380 1562 1516 1654 Porro
1539 1563 1708 1675 ignora-

84 1729 135 1792 re
164 1731 258 1794 non
289 1706 436 1820 potnit
461 1698 625 1793 Censor
647 1701 862 1818 Jenensis,
893 1705 962 1794 vir
988 1701 1273 1813 dodiillimns‚
1302 1705 1348 1793 dr
1373 1704 1416 1792 in
1441 1701 1527 1789 hoc
1546 1725 1706 1809 genere

87 1843 344 1953 literature,
369 1866 418 1938 nt
438 1839 523 1958 ipsa
549 1840 763 1936 Fascicnli
779 1848 866 1936 mei
883 1848 1010 1962 primi
1032 1847 1225 1939 recensio
1246 1843 1573 1946 commonstrat,
1610 1867 1706 1932 ver·

94 1978 335 2088 irrisimus,
380 2007 405 2068 a
429 1976 644 2091 sexaginte
666 1980 756 2092 jorn
781 1979 875 2071 sere
905 1982 1027 2072 annis
1056 2007 1079 2071 a
1106 1977 1352 2070 dodiiffimis
1384 1975 1705 2092 Bibliographis

88 2123 226 2213 libros
262 2115 424 2208 Surulo
452 2106 576 2225 XV„
619 2119 661 2208 dr
688 2116 818 2208 initio
852 2111 977 2208 XVI.
1008 2115 1232 2237 impressos
1259 2117 1527 2210 Incunabula
1566 2111 1706 2234 Tppo·

89 2262 309 2383 graphica
332 2262 554 2378 adpellari.
623 2261 833 2352 Putabam
866 2262 1016 2376 igitur,
1046 2263 1208 2352 eodem
1238 2260 1365 2375 hujus
1400 2259 1527 2350 vocis
1551 2259 1704 2374 fignifi-

94 2427 217 2514 catu,
244 2430 360 2494 nunc
383 2402 559 2521 quidem
586 2403 780 2494 civitatis
800 2400 899 2518 jure
922 2406 1108 2512 donate,
1135 2402 1241 2492 mihi
1263 2427 1440 2522 quoqne
1466 2402 1531 2492 uti
1553 2403 1702 2494 liuere.

194 2735 197 2740 ,
297 2587 684 2726 Anrnnnrx
731 2629 831 2722 An
871 2569 1368 2726 'nnscrcnnuno
1414 2631 1491 2727 11.

89 2805 152 2886 ‘Al
167 2832 252 2910 pag.
268 2821 324 2894 ιε.
354 2805 401 2880 de
426 2805 570 2882 Ludov.
601 2795 851 2903 Hohenwang
876 2807 983 2905 plura
1005 2805 1085 2883 dixi
1105 2805 1201 2882 infra
1223 2805 1269 2884 de
1293 2807 1398 2886 libris
1422 2817 1511 2884 nota
1532 2808 1618 2885 anni
1641 2831 1702 2886 ca·

349 2933 515 3011 rentibus
540 2933 588 3010 ed
610 2931 656 3011 N.
681 2933 812 3044 CXIV.
1473 2919 1477 2928 “
1774 2937 1776 2942 ’

97 3109 156 3188 Ad
172 3136 252 3213 pag.
269 3136 327 3190 20.
355 3113 477 3190 Libris
505 3110 618 3191 Anno
643 3137 736 3216 1477
768 3112 944 3216 iinprellis
972 3109 1184 3190 addendum
1207 3109 1259 3190 est
1284 3067 1571 3214 opunsequens,
1601 3135 1700 3214 nune

254 3317 257 3324 ,
350 3238 512 3336 primum
538 3253 743 3338 repertum:

102 3413 227 3493 XXIX.
251 3413 429 3515 Johannis
450 3414 614 3498 Andreae
635 3417 862 3510 Quaestiones
879 3415 1117 3495 Mercuriales
1140 3415 1243 3516 super
1261 3413 1399 3514 regulis
1419 3413 1529 3516 Jurts.
1578 3417 1719 3534 Verre·-
1839 3495 1842 3506 ‚

347 3537 412 3612 tiis
431 3537 700 3640 impressae-per
721 3535 908 3616 Adamum
930 3536 1094 3616 Rotweil
1120 3561 1225 3640 1477·
1785 3571 1795 3579 ·

186 3707 196 3770 7
237 3714 340 3814 Opus
359 3713 449 3803 hoc,
475 3715 581 3817 cujus
611 3719 812 3798 editionem
840 3715 950 3794 aliam
972 3716 1133 3815 priorem
1153 3681 1201 3793 aid
1224 3740 1361 3794 annum
1387 3741 1490 3820 1475.
1524 3721 1569 3798 N.
1586 3719 1699 3798 XVII.

108 3837 277 3928 recensui,
308 3837 359 3916 est
378 3841 529 3936 gothico
548 3843 754 3921 charaiiere
767 3842 992 3942 pereleganti
1008 3842 1046 3917 in
1061 3841 1201 3919 duabus
1216 3843 1397 3922 columnis
1415 3843 1638 3934 srrmilsrmae,
1661 3871 1706 3924 ac

110 3957 394 4054 praeliandllimae
409 3961 549 4040 chartae
565 3963 784 4062 impressum.
820 3964 932 4040 Caret
947 3962 1155 4040 initialibus'
1167 3951 1321 4050 litteris,
1337 3965 1563 4051 custodibus,
1579 3990 1707 4045 nume·

107 4079 162 4166 ris,
174 4078 513 4178 &inscriptionibus
531 4083 765 4180 paginarum,
781 4081 892 4160 habet
907 4105 995 4158 vero
1012 4081 1212 4180 lignatores
1226 4084 1272 4159 ab
1289 4106 1364 4158 a·-
1380 4105 1416 4182 q.
1467 4085 1576 4163 Circa
1591 4087 1709 4164 finem·

109 4201 276 4282 columnae
295 4201 459 4282 secundae
476 4205 556 4282 solil
578 4205 665 4282 noni
688 4205 957 4301 quinternionis
979 4229 1001 4302 q
1026 4205 1176 4303 sequens
1199 4205 1406 4306 subscriptio
1426 4208 1580 4306 legitur:
1612 4205 1701 4308 Que-

104 4325 207 4422 lllmes
227 4325 441 4404 mrmrinles
452 4327 523 4437 sup
545 4326 672 4427 regulis
696 4325 780 4400 luris
801 4321 869 4430 Jo.
891 4349 946 4402 nu.
970 4325 1116 4430 impreffe
1130 4329 1266 4406 venetiis
1281 4355 1344 4428 per
1359 4331 1564 4434 Magistrum
1583 4327 1703 4416 Adam

112 4441 144 4518 dr
165 4449 287 4526 sioloil.
309 4441 415 4522 Auno
441 4445 512 4524 dol.
535 4449 593 4526 M.
608 4451 689 4526 cc'cr.
707 4447 834 4546 [xxiij.
858 4461 977 4546 quarto
997 4475 1102 4524 nonos
1119 4447 1240 4554 oJolr'i:
1262 4451 1371 4550 finiit
1382 4449 1538 4546 feliciter.
1582 4450 1707 4550 Typo·

115 4573 228 4668 graphi
250 4565 364 4648 nostri
390 4567 438 4666 ad
462 4591 600 4650 annum
629 4589 721 4671 1480
747 4572 905 4669 primum
926 4571 1096 4668 meminit
1119 4572 1306 4672 Moittaire
1333 4569 1438 4648 Tom.
1455 4572 1483 4650 l.
1515 4593 1597 4672 pag.
1623 4600 1707 4674 4¹4·

496 4711 497 4719 ‘
1135 4699 1138 4707 ⁴
1200 4707 1211 4722 ‘
1604 4699 1684 4778 ubi'
