3790 5030
227 519 239 530 -
411 461 465 543 Ei
490 462 662 543 coiectum
687 465 783 567 cusu
804 464 957 565 pionis
976 463 1262 566 comprehenditur
1287 491 1375 548 uno:
1503 475 1518 572 j
1733 499 1736 508 ¹
1801 509 1804 516 ’

355 600 364 612 ·
410 562 492 735 ssre‘
519 567 626 666 nostro
648 573 748 674 norff
767 564 918 663 poscitur
938 565 1030 642 aimo
1044 563 1140 666 ficio,

451 686 547 760 tncq3
573 661 788 762 redernptoris
805 664 906 766 nostri
927 689 992 740 noo
1018 667 1169 741 tormina
1196 661 1331 764 defient:

409 755 490 930 sspir‘
513 782 558 856 po
571 772 653 835 tium
678 787 695 836 e
719 763 845 838 tumulo
872 761 968 837 dulce
993 763 1140 838 canendo
1168 777 1298 840 uocant.

462 855 578 955 efficat
598 857 685 934 iane
704 861 817 975 ptimo
840 859 957 934 mundi
987 873 1087 958 capot
1119 861 1245 964 inclyia
1270 861 1391 940 Roma.

388 951 485 1068 cop
507 957 626 1054 regino
644 969 765 1058 prrmd
791 959 909 1056 quippe
934 958 1072 1034 colenda
1094 985 1209 1037 moras.
1299 1061 1301 1068 Ι
1374 1052 1382 1071 .
1719 981 1721 986 ’

105 1036 282 1118 Posthaeo
311 1040 504 1142 separatim
524 1055 694 1152 quidem,
727 1054 786 1133 sed
816 1057 950 1132 iisdem
970 1061 1072 1156 typis
1098 1057 1271 1136 excusum
1298 1051 1494 1132 exhibetur
1515 1047 1732 1150 Neopipeio·
1888 1081 1889 1092 ¹

109 1161 195 1210 mon
220 1136 393 1220 Loiiontii
413 1148 601 1240 Firmioni,
628 1153 728 1230 soliis
752 1152 927 1250 impreffis
951 1155 1031 1230 otto
1055 1153 1365 1254 comprehensum.
1431 1149 1588 1228 Accedit
1613 1151 1733 1227 insu·
1888 1163 1889 1198 ³

84 1235 355 1352 siosepatato
383 1245 436 1322 Re
460 1249 572 1350 istrum
600 1263 771 1327 canorum
790 1249 887 1326 iuius
906 1248 987 1328 libri
1010 1256 1028 1348 (
1037 1277 1192 1352 operum
1212 1251 1416 1345 Laiiantii)
1433 1246 1581 1346 semodi
1611 1246 1732 1346 etpia-
1781 1333 1791 1358 „

107 1331 180 1406 beta
202 1335 364 1415 ordinm.
451 1348 729 1446 eophythomou
746 1349 833 1427 huic
848 1351 1009 1448 primum
1024 1352 1180 1430 editioni
1201 1351 1348 1426 videtur
1370 1345 1552 1432 accessisse.
1603 1346 1731 1426 Editio

107 1441 218 1545 certe
244 1451 385 1548 ¹veneta
414 1445 546 1520 eodem
574 1470 671 1522 anno
700 1463 791 1550 1478
816 1471 881 1546 per
902 1447 1090 1525 Andrearn
1115 1451 1161 1525 de
1175 1445 1389 1526 Paltasrchis
1416 1445 1456 1524 dt
1476 1444 1665 1524 Boninum
1683 1447 1729 1520 de

106 1527 274 1640 Bumnrs
299 1551 426 1616 curata
450 1542 490 1620 u
514 1544 573 1618 die
592 1543 724 1620 mensis
756 1547 882 1622 Martii
913 1547 993 1625 ΧΠ.
1028 1547 1076 1623 nd
1099 1546 1210 1624 finem
1232 1545 1420 1645 perduiia,
1446 1565 1557 1640 quatu
1579 1542 1634 1618 Cl.
1658 1541 1733 1618 De·

109 1649 172 1700 nrs
200 1633 235 1702 in
262 1631 585 1738 Wettubtbipidten
616 1651 669 1720 brt
697 1645 808 1742 porris.
831 1644 934 1724 ibibs.
966 1669 1049 1742 pag.
1084 1669 1143 1749 71.
1170 1644 1264 1746 seqq.
1294 1642 1480 1730 describit,
1510 1638 1729 1718 nonhabet.

110 1725 292 1803 Ceterum
318 1731 399 1810 haec
420 1737 540 1814 nostra
561 1740 676 1817 editio
699 1763 854 1816 romano
877 1743 1084 1819 charaiiere
1106 1741 1214 1857 plane
1237 1737 1497 1838 elegantissimo
1518 1737 1568 1816 eit
1582 1735 1732 1833 impres·

111 1819 161 1934 s³.·
215 1825 328 1903 Ceret
347 1830 483 1911 litteris
515 1837 736 1923 initialibus,
775 1839 1001 1928 custodibus,
1037 1862 1254 1938 paginarum
1279 1839 1442 1920 numeris
1467 1836 1505 1914 dt
1526 1835 1732 1932 inscriptio·

112 1919 237 2032 pibus.
300 1927 425 2008 Habet
445 1957 533 2010 vero
555 1935 769 2032 signaturas.
837 1937 1045 2015 Occurrunt
1062 1935 1195 2036 puntia
1215 1938 1253 2016 iit
1279 1937 1352 2013 duo
1378 1935 1526 2034 punita.
1560 1957 1628 2010 nec
1655 1955 1731 2011 non

112 2023 1730 2230 sistitis.igt¹¹.t.1..bsibi.baei²iiiit0i³²bdsdesiissdiss
1763 2055 1767 2064 ’

112 2213 247 2294 tissima
269 2223 356 2300 anni
379 2243 482 2327 1748.
506 2230 570 2305 ubi
601 2231 647 2306 de
673 2232 788 2312 variis
817 2231 1042 2330 editionibus
1064 2233 1157 2331 agit.
1776 2251 1782 2262 '

116 2500 172 2598 V.
210 2501 423 2620 Johannis
464 2505 655 2598 Andreae
698 2505 933 2602 Traiiatus
969 2513 1027 2601 de·
1059 2510 1286 2602 arboribus
1322 2505 1728 2622 consanguinitatis,
1886 2505 1889 2512 ’

237 2619 479 2732 affinitatis,
516 2650 600 2711 nec
618 2621 954 2741 nonspiritualis
979 2627 1271 2742 cognationis.
1331 2623 1628 2741 Norimbergae
1653 2650 1730 2741 pet

232 2733 272 2824 F
274 2737 507 2828 tidericum
541 2733 787 2836 Creusoner.
825 2743 1023 2858 rapticio
1053 2740 1157 2834 Fol.
1177 2746 1290 2840 min.'
1429 2829 1439 2836 .

279 2995 493 3074 Editionem
515 2994 626 3112 hujus
649 2996 809 3094 opusculi
834 2999 964 3088 aliam,
989 2987 1074 3097 quae
1091 3010 1180 3076 nota
1195 3001 1282 3077 anni
1305 3011 1423 3087 caret,
1450 2998 1509 3076 sed
1529 3000 1574 3076 ab
1597 3000 1730 3082 eodem

116 3097 350 3194 typographo
374 3094 475 3170 missa
496 3095 546 3172 est
568 3119 605 3171 tn
628 3094 748 3172 iucem
773 3098 875 3196 typis
893 3101 1046 3196 iisdem,
1075 3098 1236 3175 recensui
1259 3097 1430 3175 Fascicus.
1449 3099 1474 3174 l.
1494 3099 1538 3173 N.
1556 3099 1598 3174 L.
1636 3101 1731 3195 Quae¹
1788 3167 1794 3180 .

116 3196 209 3269 mihi
242 3217 340 3269 nunc
362 3214 440 3289 prae
467 3193 584 3268 oculis
614 3193 665 3270 est
693 3195 828 3282 editio,
865 3197 1006 3274 nullum
1033 3197 1072 3274 in
1097 3195 1219 3272 fronte
1247 3196 1398 3288 titulum
1423 3196 1552 3272 habet:
1578 3195 1650 3273 sed
1671 3198 1729 3274 iu·

116 3293 208 3390 cipit
231 3293 353 3367 verbis
381 3291 610 3388 praefationis
637 3290 719 3366 Ircu
742 3292 907 3396 (Circa)
929 3295 1083 3371 sessuram
1108 3291 1239 3369 arboris
1261 3296 1332 3372 &c
1382 3291 1575 3369 Alterutra
1599 3318 1647 3370 ex
1667 3295 1727 3389 his

5 3483 6 3490 Ν
117 3391 344 3466 editionibus
372 3391 425 3464 ita
455 3389 505 3464 est
530 3392 577 3464 ad
602 3413 777 3506 normam·
796 3393 948 3470 alterius
973 3393 1184 3480 efformata,
1217 3406 1260 3469 ut
1285 3417 1359 3472 uon
1377 3393 1489 3468 modo
1509 3392 1643 3504 pagiua
1664 3417 1730 3490 pn·

117 3483 863 3697 tt?os‘is‘..¹‘iiitqtis}tnits
886 3491 1729 3702 misissitnitidisnitidis.

5 3743 6 3746 ,
117 3685 253 3780 pagina
278 3684 357 3759 solii
381 3683 640 3782 ottavi‚cu1us
661 3687 780 3780 prima
806 3687 941 3783 pagina
962 3687 1129 3764 arborem
1159 3686 1349 3762 affinitatis
1374 3686 1476 3782 ligno
1499 3685 1649 3763 messam
1670 3711 1728 3765 re-
1770 3753 1772 3758 .

5 3793 7 3876 i
119 3781 332 3878 praesentat,
356 3783 506 3856 exbibet
530 3783 736 3877 impressum
762 3797 909 3860 textum
942 3788 989 3861 de
1014 3785 1145 3864 arbore
1166 3786 1397 3882 cognationis
1426 3783 1640 3882 spiritualis:
1667 3811 1729 3866 ea·

5 3941 7 3956 .
119 3881 204 3958 dem
226 3901 316 3956 vero
337 3881 470 3992 pagina
489 3880 526 3954 in
547 3881 710 3957 editione
736 3882 808 3976 illa
824 3881 896 3960 fine
915 3907 1012 3959 anno
1030 3882 1080 3961 est
1102 3897 1239 3972 vacua,
1266 3881 1306 3960 δι
1327 3895 1456 3960 textus
1474 3883 1520 3958 de
1539 3885 1728 3980 cognatio·
1764 3901 1766 3906 ’

5 3987 7 4074 j
117 4003 165 4053 ne
189 3975 366 4074 spirituali
390 3979 519 4074 incipit
543 3979 580 4052 in
603 3979 722 4075 prima
744 3982 878 4078 pagina
900 3980 980 4058 folii
1003 3982 1102 4057 noni.
1155 3977 1197 4081 2)
1219 3975 1343 4056 Arbor
1370 3981 1602 4076 cognationis
1627 3979 1728 4079 spiri·

5 4077 8 4150 ¹:
117 4075 230 4150 tunsis
253 4078 292 4150 in
322 4075 484 4150 editione
505 4075 569 4150 iila
596 4077 747 4150 omnino
772 4079 888 4154 deestz
913 4081 953 4156 in
975 4077 1143 4176 praesenti
1165 4091 1290 4156 autem
1318 4071 1447 4155 eadem
1470 4077 1666 4156 exhibetur
1688 4080 1729 4156 in

6 4161 8 4238 i
117 4173 242 4248 aversa
264 4197 310 4270 pa
338 4175 398 4278 'na
420 4173 501 4248 solii
522 4174 677 4260 decimi,
703 4177 802 4269 quod
824 4175 874 4251 eii
898 4178 1081 4253 ultimum.
1133 4176 1174 4253 In
1198 4178 1316 4274 prima
1334 4175 1415 4253 solii
1439 4175 1604 4272 ejusdem
1625 4177 1729 4273 pagi·

6 4363 8 4370 y
117 4293 165 4347 na
188 4272 287 4347 circa
334 4279 418 4346 nem
439 4270 574 4368 legitur
602 4270 809 4368 subscriptio
844 4272 1012 4370 sequens:
1053 4273 1147 4351 sinit
1173 4273 1338 4350 nodatos
1369 4275 1519 4445 mogpiri
1548 4268 1727 4378 guidonis
1764 4375 1766 4380 s

7 4373 8 4386 ¹
118 4367 259 4446 Audire
275 4367 379 4468 super
405 4365 581 4444 arboribus
607 4369 914 4468 consanguinitatis.
943 4373 1116 4471 affinitatis
1139 4398 1196 4449 nec
1217 4371 1442 4474 conspicisne
1458 4373 1486 4444 's
1505 4396 1543 4446 co
1568 4371 1723 4450 notionis.

117 4465 224 4545 Anno
250 4467 377 4542 domini
395 4465 578 4562 'wisiefimo
598 4468 1158 4646 quadringmtleprmostptnogestmo
1182 4471 1311 4556 oiiooo,
1344 4465 1520 4644 Imprseffut
1577 4470 1725 4550 orcibet-
1758 4547 1784 4574 .‚

7 4617 11 4637 .
114 4593 159 4668 ge
175 4592 240 4668 per
261 4563 470 4644 Fridiricam
500 4565 672 4678 &aestuet
695 4561 747 4652 ii.
846 4569 949 4647 esunt
969 4573 1030 4652 hic
1050 4593 1195 4672 quoque
1217 4570 1402 4655 custodes,
1440 4581 1639 4667 gutturae.
1664 4573 1726 4650 lit·
1755 4592 1759 4602 ·

8 4682 12 4701 '
1412 4701 1418 4712 ·
1587 4681 1678 4748 terae
