3788 5034
716 247 1064 378 dnh
1652 297 1709 386 en

97 475 136 538 ta
162 459 285 538 statim
308 451 499 556 excipiunt
587 452 682 538 iton
697 454 738 534 in
757 453 892 534 librum
907 457 1085 553 primum.
1110 456 1183 534 hoe
1206 453 1257 536 est
1273 455 1467 538 barrmaaria
1486 457 1709 557 singulorum

96 559 182 636 libri
203 558 313 656 primi
334 557 510 654 capitum.
590 554 772 632 ummaria
791 553 974 651 ejusmodi
997 554 1056 633 seu
1078 556 1203 634 brevia
1224 553 1446 654 fingrdorum
1467 560 1630 653 capitum
1651 583 1710 638 ao-

97 672 277 754 gumenta
298 654 450 750 reliquis
467 653 581 728 etiam
597 650 700 729 libris
716 650 798 727 sunt
811 651 974 749 praefixa.
1022 649 1085 728 Ad
1099 653 1239 730 calcem
1256 654 1340 732 libri
1359 655 1522 752 vigesnni
1543 657 1624 731 haec
1645 657 1711 732 ad·

96 765 297 830 notantur:
326 750 448 828 Omnes
467 747 549 824 libri
568 751 813 845 antiquitatum.
836 751 895 846 qui
905 745 991 847 fient
1011 747 1108 848 fimus
1129 751 1262 848 viginti.
1293 752 1405 850 versus
1425 755 1590 827 continent
1603 750 1710 849 sexa-

97 853 199 950 ginta
221 849 318 925 miiio
332 889 353 920 ·.
365 847 518 924 Continet
540 846 601 922 boc
620 871 707 962 opus·
712 841 844 962 josephi
868 870 892 921 o
912 846 996 948 p’mo
1026 843 1131 924 tonis
1162 850 1338 926 natiuitate
1361 847 1592 944 traditionem.
1626 848 1709 948 nsq3
1757 891 1772 898 -

95 944 145 1028 ad
170 944 300 1026 decim
325 951 417 1024 annii
434 969 567 1024 nerones
589 968 718 1042 emperrr
884 1001 889 1008 -

464 1055 591 1155 Versus
614 1057 651 1132 in
671 1050 812 1156 Iosepbri
833 1055 1045 1154 antiquitati.

461 1166 618 1268 Iosephus
644 1164 697 1242 bic
712 1163 844 1265 scribit.
874 1189 933 1269 5q3
955 1155 1079 1268 nuoqlb
1091 1170 1204 1270 scema
1220 1173 1354 1276 peribit.

459 1283 630 1386 Proceffirr
650 1309 770 1359 rerum.
793 1281 861 1381 serr
890 1284 1087 1361 incrementa
1112 1289 1250 1372 dierum.

459 1381 541 1462 Ade
554 1394 735 1482 peccatum.
758 1378 888 1496 arundo·
899 1409 1004 1482 grans
1028 1385 1214 1482 exiliatam.

463 1479 649 1579 indigenae
675 1481 886 1746 arcrsimr
913 1484 1063 1556 nroinm
1079 1485 1276 1582 patriarche

467 1579 571 1654 Vates
593 1590 624 1654 et
646 1603 748 1676 reges.
789 1601 887 1652 acras
912 1604 956 1652 ex
978 1577 1093 1656 ordine
1114 1583 1212 1684 seges.

463 1675 559 1852 ssnot
571 1677 683 1774 scelr4
704 1697 746 1748 no
771 1675 810 1749 ir.
834 1701 971 1774 regnum
980 1675 1021 1775 se
1037 1683 1158 1776 junxit
1180 1677 1311 1757 herodis
1393 1691 1402 1702 '

504 1801 554 1850 nx
572 1775 819 1888 cumpojlremo
831 1771 975 1890 snpeffet
994 1787 1136 1876 tempore
1159 1803 1250 1854 nemo
1318 1797 1321 1804 '

104 1903 301 2007 interjeslo
321 1901 461 2000 aliquot
480 1901 660 1978 linearum
684 1902 798 2000 spatio
827 1900 986 1997 sequitur
1004 1901 1143 2001 Eusebii
1156 1905 1341 2007 cefirriensts
1364 1903 1609 1984 Commdaticia
1629 1895 1644 1986 i
1659 1909 1715 2002 jo·

94 2005 203 2109 scpbri
223 2008 260 2080 ia
277 2027 314 2077 eo
330 1999 417 2076 libro
434 2004 493 2102 qni
513 1998 563 2113 de·
576 1999 783 2172 “cibasti‘'
805 1997 954 2111 inscribit
981 1997 1124 2100 bijlorr‘a.
1199 2005 1552 2082 Conunondatitiam
1577 2004 1715 2098 excipit

102 2103 271 2182 narratio
291 2100 337 2175 de
357 2099 494 2197 septem
515 2098 632 2174 mrrab
661 2096 912 2174 rbusmund1:
946 2095 1110 2174 Tandem
1139 2099 1290 2198 sequens
1323 2103 1458 2198 legitur
1490 2100 1714 2196 subscriptio:

105 2198 258 2310 Joscpbi
275 2193 312 2271 bi
335 2192 530 2297 oriograpbi
549 2193 815 2296 viriciarifflmi.
841 2189 924 2270 iibri
944 2197 1180 2292 antiquitatum
1203 2224 1337 2273 nurrrero
1361 2187 1470 2297 bigiti.
1490 2222 1551 2296 per
1574 2193 1715 2300 Joborr·

104 2328 178 2376 nem
208 2293 295 2396 febri
328 2319 373 2370 er.
412 2291 525 2372 Cinrm
557 2290 793 2394 Angnflmsem
812 2291 944 2389 finirent
963 2292 1111 2387 feliciter
1143 2321 1208 2369 non
1234 2296 1438 2410 scriptorum
1475 2293 1604 2393 quidem
1626 2305 1715 2380 orn.

98 2396 164 2500 scd
184 2419 254 2494 qua
275 2397 385 2494 nostro
407 2389 540 2468 tandem
562 2401 632 2464 etas
652 2387 770 2465 dotata
793 2415 808 2462 e
834 2445 843 2464 .
866 2391 970 2487 imper
997 2393 1071 2467 oria
1084 2389 1148 2489 seg
1174 2406 1318 2470 exorate.
1374 2391 1479 2468 Anno
1501 2419 1523 2468 o
1542 2393 1717 2466 natiuitate

107 2505 262 2572 currente
282 2489 467 2578 dominica,
501 2487 682 2588 Miliestmo
802 2487 835 2564 ri
881 2499 951 2562 ente
964 2513 1028 2562 rma
1046 2486 1294 2604 septuagefimo.
1344 2489 1494 2567 Katadas
1515 2512 1592 2566 nero
1617 2489 1718 2562 iulias

106 2605 241 2694 quarto,
292 2587 397 2664 Folio
418 2587 599 2687 sequenti:
625 2581 773 2693 josephi
798 2513 943 2660 denbeiio
954 2585 1093 2682 jndaico
1109 2588 1273 2686 prologus
1301 2589 1337 2662 in
1366 2586 1469 2664 libros
1489 2587 1612 2685 septem
1634 2586 1717 2659 inci·

102 2695 158 2792 pit
174 2687 337 2788 feliciter.
416 2683 543 2782 Atque
559 2683 621 2758 hic
647 2681 796 2786 quidem
817 2680 992 2779 prologus
1013 2684 1144 2761 lolium
1165 2700 1321 2782 occupat
1343 2687 1549 2782 integrum,
1572 2684 1717 2780 paucis.

105 2811 190 2886 quae
215 2784 303 2860 addi
329 2781 491 2956 posent,
518 2781 625 2856 lineis
650 2781 828 2876 exceptis.
881 2777 1093 2878 Sequuntur
1115 2782 1247 2858 deinde
1269 2781 1332 2880 iplr
1352 2784 1480 2860 ordine
1505 2781 1565 2856 suo
1583 2781 1719 2876 septem
1865 2845 1870 2852 .

107 2887 194 2962 libri
214 2885 261 2960 de
281 2882 327 2956 be
356 2879 562 2978 ojudaico,
591 2878 632 2952 in
655 2877 777 2974 capita
800 2873 914 2951 ditdsr.
963 2874 1141 2954 Attamen
1171 2879 1273 2955 libris
1297 2879 1444 2977 singulis
1470 2879 1721 2978 praelinatum

108 2984 189 3059 sunt
216 2977 382 3076 capitum
402 2975 626 3075 stagnorum
642 2986 878 3072 argumenta,
905 2984 948 3051 ut
962 2973 1064 3052 libris
1079 2976 1353 3074 antiquitatum.
1404 2973 1468 3054 Ad
1487 2972 1721 3056 calcemlibri

108 3079 255 3180 septimi
275 3077 448 3176 leguntur

474 3167 600 3269 Versnr
626 3167 663 3245 in
686 3163 855 3267 josephum
878 3165 958 3242 bessi
980 3167 1113 3265 judaici

469 3265 664 3444 ierrsaicnm
685 3288 853 3366 guerram.
875 3276 997 3364 gentes.
1021 3263 1247 3434 urbisano.
1267 3275 1402 3343 terrore.

503 3371 554 3441 ine
584 3365 666 3440 rmus
686 3366 771 3465 tristi
787 3386 855 3461 pro
872 3363 1039 3460 firngnine
1053 3387 1116 3461 per
1140 3366 1189 3437 ito
1210 3366 1298 3462 cristi

472 3461 645 3568 josepinos
666 3461 720 3563 ifle
742 3485 840 3536 mern.
875 3461 885 3486 '
925 3456 1029 3534 edidit
1050 3471 1167 3535 auctor
1187 3457 1332 3535 bebrear.

112 3561 310 3646 lnter‘eno
329 3561 531 3659 perexiguo
551 3561 570 3636 s
589 3560 665 3635 atio
685 3559 837 3635 tandem
888 3579 943 3635 aec
965 3556 1099 3653 legitur
1121 3558 1273 3634 notitia:
1301 3553 1447 3662 Josepbi
1470 3551 1601 3660 bistonio
1627 3575 1667 3626 ro
1689 3547 1725 3625 bi
1807 3608 1813 3624 .

111 3667 181 3742 uiri
199 3589 381 3761 d'sarifflmi
393 3657 475 3734 iibri
494 3657 535 3734 te
555 3583 641 3733 iisse
657 3654 797 3754 jndaico
832 3666 933 3754 eptem
945 3654 1077 3768 finiunt
1092 3654 1250 3769 seligiter.
1267 3680 1331 3755 per
1349 3652 1546 3759 Jobannem
1557 3575 1726 3764 ftiissier

116 3767 221 3837 ciaera
247 3753 482 3859 Angaflensem
515 3751 656 3892 impera:
683 3753 792 3829 Kalen
818 3777 857 3826 ar
882 3749 1072 3850 septembrrs
1099 3750 1233 3830 tecrmo.
1282 3751 1388 3828 Anno
1415 3777 1493 3830 vero
1522 3761 1633 3844 otta
1654 3771 1727 3824 mr·

116 3874 209 3970 ginis
222 3865 404 3966 salutifero
421 3865 604 3966 slsillestmo
622 3863 720 3965 qdrin
744 3862 894 3974 entestmo
932 3860 1145 3974 eptnagestnro

217 4005 228 4012 -
447 4005 449 4012 ·
757 3980 797 4032 nr
893 3983 945 4032 mo
974 3981 1122 4032 maximo

118 4067 276 4143 Litterae
295 4059 377 4136 sunt
395 4058 556 4154 gothicae
567 4057 699 4134 formae
712 4056 772 4134 led
790 3969 1060 4153 pabiegantes,
1086 4054 1215 4130 charta
1233 4060 1388 4148 magun*
1410 4054 1535 4142 firma,
1562 4053 1601 4130 δι
1621 4075 1727 4128 mua·

118 4167 177 4240 dn.
233 4162 389 4236 Litterae
406 4156 566 4232 initiales
589 4169 667 4231 tam
686 4153 881 4230 librorum:
918 4173 1030 4250 quam
1054 4153 1218 4250 capitum
1249 4153 1394 4238 desum,
1420 4149 1729 4248 quemadmodum

118 4263 237 4338 etiarn
257 4253 444 4341 custodes,
470 4252 681 4348 Aguntum,
707 4251 922 4348 paginarum
944 4250 1107 4326 numeri.
1159 4249 1369 4325 Franciscus
1385 4249 1539 4326 Carolus
1563 4245 1672 4324 Alter
1694 4251 1730 4322 tn

121 4355 301 4448 uetnsdn
322 4353 542 4444 orttdtrtrnet
562 4351 742 4448 Armatur
766 4355 817 4424 ter
839 4345 955 4446 qrtrdr.
979 4356 1043 4422 unt
1070 4348 1235 4440 Attritis.
1258 4347 1414 4439 stomin
1434 4387 1451 4405 ·
1475 4367 1540 4424 oon
1560 4344 1730 4438 ormont

121 4477 210 4554 pag.
234 4465 291 4548 83.
312 4445 421 4542 hujus
444 4447 618 4523 editionis
645 4445 815 4522 meminit
837 4445 895 4522 his
926 4445 1068 4520 verbis:
1103 4443 1219 4519 Flavii
1243 4440 1390 4548 ffosepbi
1414 4469 1514 4544 opero
1536 4443 1647 4520 omnia
1660 4439 1730 4538 soi.

130 4575 234 4652 1470.
250 4570 315 4647 per
335 4540 427 4650 ΕῗρΙι.
449 4541 628 4644 Scbnszler
646 4543 747 4630 cinero
771 4539 1016 4646 Augnflmsem.
1066 4537 1232 4632 Atvero
1247 4555 1390 4640 certum
1409 4543 1480 4632 est,
1505 4565 1603 4620 anno
1626 4566 1731 4642 1420.

1663 4663 1687 4718 a
