3794 5028
152 217 236 315 116
706 189 710 206 ¹
799 201 1125 328 ψ

251 405 508 534 GONRADO
531 405 699 492 FINER
725 407 920 517 Essirgeiifi
951 408 1176 515 Tppogvopio
1191 404 1363 513 liquentes
1382 408 1488 518 libror
1509 413 1670 494 omisso.

154 589 293 684 XVls
338 585 580 703 Quefiioars
605 617 714 709 qaas
744 590 946 714 egregius
961 585 1089 708 fircrc
1112 589 1330 712 theologia
1352 589 1571 712 profaffor
1593 585 1772 684 Heinri-

273 741 348 805 cus
365 715 416 806 dr
438 709 669 806 Goricsitm
691 741 786 809 cum
797 709 898 832 suis
985 713 1084 806 dido
1110 713 1155 804 is
1176 711 1430 805 torculariis
1448 740 1569 804 more
1587 711 1771 832 pofitio·
1884 765 1885 836 χ

271 830 335 926 riis
358 830 642 968 respdsolium
670 834 718 926 in
743 741 1141 970 partibsibbs'sorir
1149 827 1298 968 scabii
1313 829 1558 968 fabricaris
1581 836 1626 926 sl
1650 837 1776 970 ordi·
1884 843 1885 882 ³

275 960 405 1041 acuit
425 975 604 1041 numero
634 949 681 1042 ti
710 949 864 1042 ordint
883 945 1056 1041 itineri
1078 947 1161 1039 tali
1180 947 1427 1068 pripooedo
1455 949 1629 1040 cuilibet
1645 962 1777 1070 parti

258 1065 458 1280 {Qum
473 1065 584 1186 suas
606 1095 716 1190 quas
741 1067 958 1167 tintinant
975 1061 1178 1190 questions
1202 1071 1247 1164 tt
1262 1070 1370 1193 p’mo
1388 1073 1516 1191 parti
1542 1072 1697 1192 prima.
1730 1076 1776 1168 iii

318 1216 346 1275 ο
397 1212 539 1302 magn.

258 1383 352 1498 sluae
373 1382 486 1460 modo
506 1384 681 1476 recitavi,
705 1383 931 1464 verbotenus
952 1381 1126 1485 leguntur
1151 1385 1191 1464 in
1214 1385 1335 1486 prima
1366 1381 1503 1464 aversae
1530 1382 1677 1485 paginae
1694 1364 1779 1464 solii

161 1481 274 1597 primi
302 1481 512 1570 columna,¹
532 1484 736 1658 eademffue
765 1483 981 1562 immediate
1008 1485 1149 1584 excipit
1176 1485 1308 1598 index·
1323 1481 1583 1656 poeniuntur,
1620 1507 1714 1582 quas
1739 1485 1780 1564 in
1885 1505 1886 1538 ⁷

161 1602 291 1756 m
434 1579 584 1757 iiii
607 1581 1780 1780 i

164 1775 305 1855 Desunt
324 1777 487 1854 initiales
508 1779 644 1858 litterae
690 1779 925 1888 uaestiqnum,
957 1779 1145 1868 custodes,
1171 1777 1384 1876 signaturae,
1409 1798 1627 1875 paginarum
1651 1801 1785 1856 nume·

164 1877 217 1965 ri,
240 1875 281 1954 dt
301 1875 568 1972 inscriptiones.
618 1875 654 1954 N
707 1900 772 1953 um
791 1879 906 1953 etlam
928 1879 1089 1954 occurrit
1107 1873 1411 1975 interpunctionis
1426 1872 1585 1972 signum,
1609 1874 1676 1952 nisi
1689 1899 1786 1975 pun·

167 1971 286 2058 stum,
312 1975 411 2070 quod
432 1972 549 2072 ipsum
568 1973 666 2050 deest
690 1973 885 2072 saepissime.
961 1976 1116 2053 Litterae
1137 1974 1219 2052 sunt
1240 1974 1422 2070 gothicae,
1460 1974 1584 2050 minus
1606 1974 1784 2146 pinqrues,

170 2083 283 2168 atque
303 2069 445 2182 eaedem
463 2070 591 2169 plane,
618 2071 751 2168 quibus
772 2070 966 2147 Corradus
988 2071 1098 2149 Finer
1122 2095 1219 2148 anno
1256 2095 1360 2172 1474
1409 2071 1591 2170 postillam
1623 2071 1662 2148 S.
1710 2071 1781 2147 ho-

167 2189 243 2246 mae
260 2163 460 2265 aquinatis
484 2168 525 2243 in
548 2167 616 2282 Job
639 2167 805 2266 Eslingae
825 2171 989 2246 excudit.
1019 2168 1119 2267 Confi
1137 2169 1188 2246 N.
1202 2167 1292 2247 XX.
1315 2167 1363 2243 od
1380 2193 1459 2245 orn.
1484 2194 1589 2270 1474
1637 2169 1786 2246 Harum

169 2266 380 2344 litterarum
411 2263 608 2364 specimina
642 2264 683 2343 dt
712 2267 859 2364 integra
884 2265 1079 2365 alphabeta
1111 2269 1302 2364 nuperime
1321 2267 1389 2344 aeri
1414 2267 1611 2346 incidenda
1636 2269 1785 2344 curavit

170 2364 218 2442 cl.
237 2362 522 2463 Steigenberger
541 2364 617 2441 tab.
643 2364 705 2441 ΙΙΙ.
732 2365 808 2448 vid.
839 2363 1007 2465 ejusdem
1025 2366 1220 2460 sltetotlsdpr
1236 2365 1371 2460 stltssrbc
1390 2365 1613 2464 uincuntur,
1635 2363 1712 2442 cibit
1732 2371 1784 2440 bie

169 2483 237 2562 piac
266 2463 373 2558 ditasse
398 2461 561 2636 {obtudat
590 2463 727 2556 benildis
753 2462 883 2544 sdsbcsti
911 2485 952 2540 tt,
1029 2463 1119 2541 lude
1141 2461 1462 2561 probabilissimum
1483 2463 1574 2539 milii
1597 2461 1666 2549 est,
1688 2483 1785 2561 opus
1887 2508 1888 2562 p

170 2560 330 2661 praesens
353 2582 398 2638 ea
423 2583 484 2636 em
497 2583 549 2675 ex
566 2555 813 2659 typographia
833 2560 932 2638 circa
953 2561 1053 2638 idem
1067 2575 1233 2660 tempus,
1260 2563 1321 2637 vel
1341 2559 1496 2637 fortassis
1514 2559 1592 2659 jam
1611 2571 1698 2637 ante
1716 2585 1785 2637 an·

172 2681 264 2736 nuni
290 2683 385 2832 1³74
402 2655 573 2756 prodiisse
598 2659 638 2734 in
658 2657 792 2736 lucem
870 2658 1048 2736 Sciebant
1066 2681 1200 2758 nempe
1222 2659 1444 2833 Ἥρω
1471 2671 1617 2736 veteres
1642 2661 1784 2756 primos
1887 2707 1888 2714 κ

324 2776 394 2831 uos
422 2753 497 2833 sine
516 2754 579 2834 suo
602 2755 752 2832 nomine
777 2755 817 2832 iii
841 2754 961 2833 lucem
982 2758 1164 2835 emittere.
1391 2755 1443 2833 est
1464 2755 1661 2832 simnislima
1683 2757 1789 2834 nullo

170 2755 285 2834 sottus

173 2852 250 2932 alio
270 2850 442 2950 insignita
469 2847 646 2930 chartarii
680 2851 800 2950 signo,
840 2876 952 2950 quarn
985 2854 1094 2943 rosa,
1123 2875 1208 2954 qnae
1240 2852 1393 2933 diversae
1425 2876 1487 2931 ma
1539 2854 1692 2930 'tudinis
1721 2854 1790 2934 est.

172 2951 409 3064 Terminatur
424 2972 519 3048 opus
541 2951 582 3027 in
632 2951 726 3027 rima
748 2950 830 3060 folii
858 2974 938 3058 175.
960 2952 1152 3056 columna,
1184 2952 1281 3027 linea
1297 2957 1364 3052 64,
1408 2951 1469 3029 cui
1591 2949 1664 3030 sola
1689 2975 1788 3040 vox,

172 3047 305 3139 Amen,
330 3045 484 3148 sancsta
499 3046 569 3138 est,
594 2973 745 3128 snihil
771 3062 961 3147 praeterea.
1012 3048 1154 3128 Ausior
1174 3049 1325 3127 natione
1346 3049 1514 3128 Batavus
1535 3051 1657 3130 avico
1672 3053 1790 3128 natali

173 3146 343 3228 Gorsium
370 3157 659 3244 cognomentum
681 3148 808 3225 traxit
859 3149 970 3226 Circa
989 3172 1128 3226 annum
1153 3173 1246 3248 1430
1265 3149 1312 3224 ad
1330 3144 1573 3224 Academiam
1589 3148 1790 3226 Colonien-

175 3245 250 3324 sem
270 3257 449 3332 evocatus
470 3245 631 3344 primum
652 3245 943 3344 Pliilosopliicas,
976 3247 1110 3325 deinde
1133 3245 1376 3343 Theologicas
1396 3245 1550 3322 tradidit
1569 3245 1790 3344 disciplinas,

175 3343 1789 3541 stamiriam”lstcitfflsssstlsassst,slstipsis·

181 3539 281 3726 Coup8'.
308 3537 459 3665 Coſjmir.
484 3534 610 3618 oridia.
635 3535 857 3620 Commmsar.
890 3537 933 3616 dc
963 3535 1128 3644 impio.
1159 3538 1288 3643 Eccsefi
1320 3537 1444 3641 Antip.
1479 3535 1570 3618 Tora
1593 3537 1672 3618 ΙΙΙ.
1712 3538 1789 3618 Cos.

183 3665 287 3740 aar·
1114 3693 1118 3703 ·

180 3831 357 3930 XVsll.
385 3835 430 3924 S.
449 3830 636 3926 Thonis
656 3817 894 3955 Aquinatis
918 3835 1086 3928 Catena
1111 3835 1281 3928 Patroni
1309 3833 1355 3925 in
1381 3853 1569 3955 quatuor
1591 3827 1794 3949 Evange-

296 3949 373 4048 lia.
400 3947 446 4039 in
470 3945 511 4039 F
514 3951 574 4048 ol.
599 3977 739 4066 magn.

278 4133 422 4233 Pagina
441 4136 586 4232 quaevis
601 4135 642 4214 in
665 4135 757 4213 duas
777 4133 968 4215 columnas
990 4131 1154 4224 dislinsln
1174 4131 1236 4211 est.
1297 4131 1341 4210 ln
1360 4132 1480 4231 prima
1526 4127 1612 4207 rimi
1630 4126 1712 4208 solii
1731 4151 1799 4207 co·

183 4237 311 4314 sumna
331 4232 481 4330 incipit,
519 4231 594 4312 sine
616 4233 693 4310 ullo
715 4235 846 4322 tinilo,
872 4247 938 4311 aut
960 4231 1214 4331 inscriptione,
1248 4230 1405 4308 auctoris
1425 4233 1481 4310 De
1521 4229 1620 4324 catio
1642 4229 1797 4306 catenae

182 4333 225 4410 in
247 4331 468 4409 Mattbaeuni
490 4333 538 4409 ad
559 4332 748 4410 Urbanum
764 4333 827 4412 IV.
841 4331 889 4407 R.
906 4331 948 4406 P.
974 4351 1057 4428 quae
1076 4330 1297 4406 terminatur
1319 4329 1358 4405 in
1379 4327 1535 4406 secunda
1552 4321 1720 4424 ejusdem
1740 4325 1798 4402 fo·

185 4431 227 4512 lii
250 4429 440 4518 columna,
467 4429 565 4510 linea
592 4445 647 4517 28.
691 4429 838 4510 -Textus
863 4425 939 4527 ipse
961 4426 1235 4526 evangeliorum
1259 4425 1310 4503 est
1329 4426 1480 4524 gothico
1501 4421 1709 4502 charasiere
1731 4423 1798 4498 ad·

187 4527 340 4607 modum
369 4527 575 4614 luculento,
604 4528 643 4608 br
665 4529 793 4628 pinqui
815 4524 1016 4628 impressus.
1094 4524 1257 4604 Litteras
1289 4545 1435 4624 quoque
1458 4521 1619 4603 initiales
1632 4541 1799 4694 matgnas

1641 4639 1693 4696 ini
1714 4642 1751 4693 io

1603 1583 1699 1658 rima
1716 1606 1781 1659 co·
1885 1629 1886 1632 κ
