3790 5030
747 213 1069 340 ss
1142 277 1197 294 ·‘
1315 315 1316 342 ,
1608 331 1612 340 ,
1664 243 1720 346 '17
1797 223 1801 234 ’

90 423 239 517 XXV.
269 405 450 512 Nicolai
487 417 839 527 de'Todeschis,
875 419 1145 536 Archiepisc.
1176 421 1377 518 Panorm.
1397 395 1539 538 vulgo
1562 413 1723 518 Abba

207 539 264 624 tis
292 537 411 626 sculi
437 533 597 622 sessura
623 533 696 624 seu
728 538 1032 625 commentarii
1054 539 1097 624 in
1127 538 1263 624 libros
1289 539 1571 628 decretalium
1592 547 1628 636 1.
1649 543 1710 632 il.

201 651 295 741 lv.
323 650 366 736 ὅτ
392 648 452 742 V.
529 647 701 738 nautea
738 677 850 746 anno
897 673 1029 764 1477,
1065 651 1109 740 ur
1136 651 1251 740 l'orte
1279 649 1559 770 sequentibus
1587 657 1708 744 annis
1753 707 1755 713 ·

212 761 392 879 imprels
443 761 620 856 ini'ol.
684 865 688 876 ¹
753 809 757 815 ·
1061 773 1064 782 '
1482 849 1487 862 ,

240 953 527 1052 ,commentaria
542 957 623 1033 haec
638 957 678 1034 in
693 957 806 1034 libros
823 955 1063 1035 decretalium
1087 959 1199 1034 modo
1221 958 1425 1047 indicatos,
1452 963 1708 1061 typographus

87 1060 128 1134 in
154 1056 292 1154 septem
315 1057 503 1133 volumina
534 1055 806 1152 quodammodo
836 1055 1010 1132 distinxit.
1089 1055 1162 1132 Tot
1186 1059 1286 1133 enim
1301 1041 1511 1154 peculiares
1534 1060 1708 1155 leguntur

87 1155 380 1252 subscriptiones.
457 1154 732 1247 Commentario
759 1153 798 1253 iri
824 1152 958 1228 librum
978 1153 1003 1228 l:
1034 1154 1261 1241 duobus‚'in
1281 1155 1412 1230 librum
1434 1157 1477 1230 H:
1501 1157 1645 1244 tribus,
1667 1159 1706 1234 ia

87 1253 227 1330 librum
248 1248 385 1340 lu&
429 1250 476 1328 V.
518 1252 680 1338 duobus,
720 1249 895 1346 separatis
922 1251 1021 1337 iliis,
1061 1251 1227 1327 constant
1263 1254 1531 1340 voluminibus,
1576 1257 1707 1350 quibus

87 1349 261 1448 singulis,
296 1361 452 1446 excepto
477 1348 665 1424 volumine
692 1347 848 1424 secundo
871 1347 953 1424 libri
978 1348 1106 1445 primi,
1130 1349 1169 1428 dt
1194 1350 1306 1426 tertio
1331 1350 1477 1426 secundi
1504 1351 1586 1427 iibri
1610 1351 1705 1448 figu-

88 1472 141 1525 rae
165 1449 268 1544 ligno
294 1446 434 1533 incisae,
460 1446 499 1523 dt
521 1443 738 1539 argumento
758 1446 1021 1522 convenientes
1046 1445 1126 1521 sunt
1150 1446 1326 1542 praefixae.
1387 1446 1569 1524 Volbmen
1595 1451 1705 1547 primi

87 1547 173 1624 libri
205 1546 364 1640 primum
388 1543 580 1619 aseoundo
608 1543 793 1638 separatur
814 1543 884 1618 hac
910 1539 1184 1640 subscriptione:
1220 1543 1318 1620 Finis
1342 1537 1418 1620 ‘aa
1441 1549 1571 1642 portis,
1603 1572 1704 1624 com·

88 1643 357 1720 mentariorutn
381 1640 518 1718 scilicet
532 1642 570 1714 in
588 1639 721 1716 librum
742 1641 900 1736 primum
916 1639 1166 1716 decretalium.
1216 1619 1277 1716 rid
1300 1572 1437 1718 cascem
1454 1667 1540 1750 vero
1557 1641 1702 1721 secundi
1794 1710 1798 1718 .

91 1740 293 1816 voluminis
320 1741 402 1816 haec
424 1738 606 1817 habentur
625 1733 808 1836 impressa:
837 1735 994 1834 Explicit
1016 1736 1106 1814 lesia.
1135 1734 1237 1836 (stc)
1248 1739 1453 1856 firmostfflmi
1474 1739 1624 1839 orriufq3
1648 1743 1702 1815 iu·
1804 1819 1805 1827 Ν

87 1843 137 1915 ris
157 1835 300 1913 dosoris
320 1834 447 1912 domiai
468 1829 617 1911 Aliam
648 1834 744 1932 fictili
778 1834 934 1932 crespeii
961 1833 1313 2007 Paammitonqluper
1326 1861 1475 1933 prtmam
1495 1837 1699 1937 decretaliu3

89 1933 230 2028 libram,
260 1959 320 2032 que
341 1957 402 2035 per
427 1935 546 2016 orama
570 1931 742 2008 emendato
757 1934 991 2034 'imprcffloarm
1009 1933 1188 2032 Bastleeo
1214 1948 1288 2031 epta
1307 1937 1358 2036 esl.
1409 1933 1515 2010 Anno
1537 1940 1701 2012 natiuita-

89 2037 134 2109 tis
150 2035 250 2133 crr'fli
279 2033 336 2108 M.
357 2031 491 2108 CCCC.
508 2030 657 2130 Lxxvij.
705 2032 829 2107 Prima
857 2054 942 2128 pars
966 2033 1316 2108 commentariorum
1337 2033 1377 2107 in
1390 2033 1433 2107 ll.
1456 2034 1608 2110 Librum
1637 2037 1701 2112 de·

91 2148 180 2208 cret.
206 2133 427 2208 terminatur
449 2127 563 2204 situla
585 2128 627 2205 de
650 2129 813 2232 conseffis,
839 2129 1007 2228 hancque
1024 2129 1135 2204 habet
1152 2127 1464 2226 subscriptionem:
1490 2129 1704 2230 Primapars

89 2231 239 2312 Allata
250 2233 319 2331 sup
345 2229 444 2332 scd’m
462 2231 675 2308 decretalium
691 2229 763 2329 lib4
779 2231 889 2329 finis.
939 2231 1046 2307 Anno
1073 2230 1221 2306 anatoli
1246 2231 1374 2332 Xpiido.
1399 2231 1457 2308 M.
1477 2234 1700 2334 ccchxxuij.

88 2333 261 2409 Secunda
284 2331 390 2430 pars,
417 2332 478 2408 seu
501 2331 674 2426 uolumen
698 2331 1047 2429 commentariorum
1068 2331 1107 2406 in
1133 2329 1291 2407 eundem
1310 2331 1462 2416 librum,
1488 2333 1593 2408 cuius
1616 2335 1703 2410 uiti·

88 2454 173 2546 mus
189 2430 322 2544 titulus
343 2429 393 2505 est
409 2429 450 2503 de
469 2421 771 2547 gJ'are'vJarandm
800 2428 983 2543 clauditur
1005 2427 1260 2552 subscriptione
1275 2427 1455 2526 sequenti:
1478 2427 1594 2545 Extat
1613 2428 1702 2548 lips·

88 2521 1701 2735 litiissirleti‘sillillliillftllblttiltumilluditis:
1790 2598 1792 2606 ¹

87 2725 130 2800 tii
155 2723 508 2800 commentariorum
525 2725 565 2798 in
588 2724 745 2800 eundem
764 2721 909 2812 ¹librum
941 2720 1137 2796 secundum
1154 2720 1291 2816 legrtnr
1317 2720 1546 2818 subscriptio,
1572 2738 1701 2801 notam

89 2824 175 2898 anni
201 2847 277 2897 non
298 2822 456 2918 amplius
479 2821 589 2896 habet
607 2819 828 2917 appositam,
855 2817 978 2914 estque
1000 2813 1202 2914 ejusmodi:
1240 2813 1389 2895 Ablata
1418 2823 1522 2896 tercio
1543 2845 1631 2920 pars
1643 2821 1700 2921 se-

89 2919 168 2995 cadi
192 2916 405 2995 decretalirim
427 2915 508 2994 libri
521 2917 651 3018 Bastiae
666 2913 817 3016 impteffa
833 2911 948 3014 prebet
962 2914 1078 3013 finem.
1130 2915 1243 2990 Haud
1267 2916 1381 3012 igitur
1402 2933 1503 2995 certo
1528 2919 1700 2995 adfirma-

87 3020 119 3094 ri
141 3015 278 3114 potest,
304 3041 352 3092 an
371 3039 459 3131 pars
480 3017 561 3091 haec
583 3017 713 3092 eodem
735 3037 831 3089 anno
861 3035 945 3114 cum
966 3012 1276 3110 praecedentibus,
1314 3037 1362 3090 an
1387 3037 1475 3091 vero
1499 3038 1596 3091 anno
1625 3019 1700 3115 pri·

89 3139 195 3192 mum
219 3114 381 3212 sequenti
401 3115 514 3192 fuerit
528 3115 630 3211 typis
646 3110 787 3189 excusa.
835 3110 937 3186 Idem
961 3109 1112 3186 omnino
1134 3110 1329 3186 dicendum
1356 3113 1402 3189 de
1424 3116 1702 3190 commentariis

88 3214 128 3290 in
154 3212 289 3288 Libros
312 3209 375 3289 IV.
398 3211 436 3291 dt
460 3211 505 3290 V.
558 3211 704 3288 Nam&
719 3211 758 3284 hi
781 3207 946 3306 impressa
968 3209 1056 3282 anniw
1077 3221 1165 3283 nota
1185 3218 1321 3283 carent.
1374 3207 1435 3284 ild
1458 3209 1597 3285 calcem
1617 3212 1701 3287 libri

90 3311 138 3388 V.
161 3311 256 3386 nibil
279 3309 423 3407 prorsus
445 3310 580 3408 legitur
607 3307 806 3407 adjetium‚
840 3306 900 3382 sed
920 3306 1155 3395 ,terminatur
1173 3305 1233 3380 hic
1256 3305 1348 3382 liber
1376 3307 1499 3383 verbis
1522 3307 1701 3405 interpre-

88 3415 160 3490 tis:
189 3411 549 3511 adprobatam
571 3411 653 3510 qu
681 3409 866 3510 crucifixis
899 3434 958 3484 nos
971 3407 1125 3516 piarat.
1151 3405 1273 3485 Amen.
1328 3409 1430 3486 Libri
1456 3409 1521 3486 IV.
1549 3410 1701 3507 sequens

87 3512 138 3588 est
163 3511 394 3610 subscriptio:
418 3505 502 3588 'Hac
524 3510 646 3586 scisura
668 3510 783 3607 quarti
805 3503 886 3582 libri
905 3505 1085 3583 decretalia
1107 3507 1236 3582 tradite
1258 3505 1470 3607 (explicata
1498 3507 1673 3588 nimirum

88 3611 122 3683 io
144 3611 282 3684 dulcore
300 3608 414 3709 Sena4
492 3613 569 3684 oiri
593 3611 627 3706 ia
640 3615 716 3706 igni
746 3605 786 3684 si
800 3602 969 3702 famosum
995 3602 1155 3680 doliorem
1185 3604 1265 3680 daim
1284 3593 1468 3696 Nicolaum
1490 3602 1642 3684 &calam
1685 3649 1703 3667 ·

11 3805 13 3820 ,
86 3715 124 3782 ai
142 3706 176 3784 i’
191 3701 307 3806 prebet
332 3705 384 3782 Et
424 3707 526 3806 equis
537 3706 614 3805 cias
631 3733 680 3781 em
700 3703 824 3819 lesura
840 3701 945 3804 super
962 3705 1089 3800 quinto.

247 3915 382 4002 Omnia
407 3911 489 3990 brec
513 3910 704 3990 volumina
727 3912 859 3988 eodem
876 3907 1101 3996 charasiere,
1129 3909 1279 4006 gothico
1294 3909 1469 3990 nimirum
1483 3913 1606 3990 minus
1622 3913 1703 3991 lon·
1772 3940 1776 3957 ·
1824 4004 1827 4008 ,

87 4039 156 4113 go,
182 4038 251 4093 nec
270 4013 398 4111 pingui
419 4011 640 4097 admodum,
666 4009 815 4084 Chartae
836 4005 1064 4094 firmissimae,
1091 4005 1150 4084 sed
1174 4009 1306 4086 minus*
1321 4009 1414 4088 albae
1429 4013 1466 4086 in
1483 4007 1623 4089 duabus
1640 4037 1702 4088 co·

11 4157 12 4160 ¹
85 4113 224 4189 lomois
244 4107 516 4207 impressasunt.
548 4107 707 4191 ,Desunt
730 4105 916 4193 custodes,
942 4103 1159 4201 fignaturae,
1185 4107 1402 4204 paginarum
1425 4110 1580 4186 numeri.
1627 4110 1701 4185 Ini-

11 4267 13 4312 ,
84 4213 195 4287 tieles
221 4207 366 4285 litteras
390 4227 523 4305 parvas
547 4205 660 4303 ipset
691 4223 873 4314 pograpus
900 4201 1046 4300 adjecit.
1125 4204 1228 4280 idem
1262 4205 1301 4281 in
1334 4204 1508 4303 superiori
1535 4207 1701 4303 margine

84 4311 231 4484 qqtginae
249 4306 388 4479 ‚friliae
420 4302 587 4402 cuiusvis
623 4224 705 4380 solii
728 4299 880 4380 titulum
916 4302 1082 4391 notavit,
1120 4323 1152 4380 e.
1177 4325 1223 4402 g.·
1246 4301 1304 4379 De
1325 4327 1415 4381 occu.
1442 4303 1483 4382 ss
1502 4302 1631 4402 inquist.
1655 4345 1701 4360 -

126 4431 253 4510 epum
268 4428 366 4501 egias.
792 4444 797 4452 -

131 4595 421 4737 semiustae}
437 4628 495 4750 ΙΙ,
530 4562 540 4672 ἶ
956 4574 1021 4708 C¹=
1203 4629 1204 4633 '
1537 4625 1661 4706 ux
1793 4716 1797 4728 ⁴
