3794 5028
178 255 262 372 10i
573 259 576 264 ’
818 243 1140 370 ss
1245 238 1252 250 ’

173 455 296 542 Quare
312 449 454 528 nullum
472 445 522 525 est
543 423 715 540 dubium,
740 449 829 550 quin
852 475 901 529 ex
926 449 1056 530 eadem
1081 433 1326 552 typographia
1347 471 1425 529 non
1444 449 1509 528 diu
1525 443 1683 530 alterum
1704 449 1794 551 post

175 552 332 628 alterum
353 547 567 646 prodierint.
1018 585 1023 592 ·
1653 571 1656 578 ,

271 740 381 830 Quod
400 739 514 836 igitur
530 738 722 910 praesentis
748 738 907 838 opusculi
931 750 1125 818 externam
1152 743 1312 819 sormam
1343 740 1498 828 attinet,
1531 740 1669 816 litterae
1704 737 1789 814 lunt

202 837 336 916 othicae
357 837 506 924 sormae,
544 835 616 911 atis
641 839 815 932 pinques,
841 837 880 914 sic
902 837 1082 934 oblongae.
1166 836 1428 914 Atramentum
1453 835 1505 914 est
1532 837 1790 931 nigerrimum.

207 937 333 1032 'gnum
357 932 659 1030 interpunstionis
686 948 766 1007 *non
796 931 861 1006 nisr
894 935 1045 1010 unicum
1075 934 1197 1011 ubivis
1229 934 1410 1021 occurrit,
1437 956 1569 1030 nempe
1591 931 1785 1027 punitum,

59 1019 63 1034 ’
176 1031 482 1131 quodsaepehanc
496 1025 867 1130 habetfonnamst).
916 1031 1059 1106 Littera
1072 1031 1245 1117 initialis,
1263 1051 1345 1126 quae
1361 1031 1470 1104 unica
1483 1041 1564 1106 erat
1576 1027 1787 1116 formanda,

177 1129 362 1212 custodes,
386 1124 598 1222 srgnaturae,
623 1127 839 1222 paginarum
859 1129 1022 1214 numeri,
1050 1127 1360 1225 &inscriptiones
1384 1124 1521 1200 desunt.
1572 1122 1712 1200 Charta
1730 1123 1786 1201 est

176 1225 300 1312 sinna,
327 1222 387 1300 sed
407 1223 530 1298 minus
554 1221 637 1298 alba
658 1223 697 1300 sic
719 1222 845 1319 polita.
917 1223 1101 1300 Chartarii
1123 1221 1263 1320 signum
1285 1225 1325 1298 in
1347 1224 1417 1298 hoc
1438 1221 1587 1318 quidem
1612 1219 1787 1316 opusculo

176 1323 328 1398 unicum
353 1319 531 1404 occurrit,
573 1341 706 1432 nempe
737 1331 848 1424 caput
873 1318 1003 1431 'boyis,
1042 1319 1147 1432 cujus
1168 1321 1266 1396 inter
1289 1341 1427 1432 cornua
1445 1317 1551 1432 liilus
1572 1319 1724 1428 exurgit
1745 1318 1788 1430 in

176 1418 324 1613 tlh.
340 1411 1791 1625 dilium{presumptis,instruiintruis

69 1685 90 1706 A
176 1635 262 1689 rum
286 1609 379 1706 saepe
410 1609 584 1705 abruptas
615 1605 764 1684 nullosr
817 1633 839 1682 o
872 1609 1026 1685 indicari
1052 1610 1343 1707 conjungendaS,
1384 1607 1425 1683 rd
1445 1607 1544 1704 quod
1569 1603 1720 1680 Faulhrs
1747 1603 1790 1682 δι

177 1705 422 1790 Schoisserus,
450 1705 584 1801 aliique
606 1705 747 1801 antiqui
774 1705 837 1780 nni
854 1707 1074 1803 typographi
1087 1707 1299 1802 plerumque
1313 1705 1490 1780 fecerunt.
1542 1701 1714 1800 Exempli
1730 1700 1788 1776 lo·

179 1827 224 1880 co
242 1801 311 1879 lint
331 1801 441 1881 lineae
457 1803 589 1889 tertia,
615 1817 746 1898 quarta
770 1801 809 1879 δι
834 1803 963 1899 quinta
980 1805 1110 1902 primae
1139 1801 1391 1972 paginaeTsolii
1418 1799 1582 1970 sepundi:

473 1938 1255 1959 ------
1313 1923 1430 1972 acum
1472 1921 1495 1970 a

473 1993 587 2070 trimis
609 1989 729 2092 scribe.
776 2019 837 2092 pue
868 1999 911 2070 cri
948 1995 1081 2093 magnis
1113 1991 1285 2071 doloribus
1310 1993 1382 2094 ipsc
1404 1991 1494 2104 pseu

467 2092 652 2192 ΗΜ
680 2101 756 2186 orto
784 2091 853 2170 &a
1298 2177 1302 2188 ,
1885 2115 1886 2154 ³

178 2185 414 2266 ‘serminatur
430 2185 503 2262 hoc
525 2185 734 2282 opush'rlum
755 2188 798 2263 in
819 2185 944 2264 aversa
964 2185 1045 2264 folii
1069 2186 1161 2266 sexti
1187 2187 1341 2287 pagina,
1372 2187 1471 2268 linea
1497 2211 1562 2280 12,
1612 2184 1712 2266 Huic
1740 2184 1790 2262 li·
1885 2205 1886 2220 ¹

182 2307 264 2364 neae
289 2282 442 2382 subjetta
465 2281 515 2360 eli
539 2281 745 2380 subscriptio
768 2284 937 2380 sequens:
1885 2297 1886 2350 r

537 2379 697 2478 Explicit
717 2380 877 2456 tranans
901 2377 989 2458 beati
1012 2375 1209 2460 Bernhardi
1234 2379 1276 2458 de
1292 2379 1388 2487 plan

538 2473 589 2551 Eu
609 2477 714 2556 Beate
740 2477 868 2559 Merit.
1246 2487 1249 2494 '
1338 2565 1343 2572 ,

181 2571 234 2652 Et
259 2571 353 2652 nibil
374 2583 565 2672 praeterea
817 2657 820 2663 ,

183 2842 249 2944 ΙΙ.
279 2839 442 2962 Incipit
463 2839 611 2940 Sermo
639 2843 783 2942 Saniii
808 2847 1104 2946 Bernhardini
1133 2781 1304 2946 oisirris
1326 2849 1528 2965 fratrum
1547 2853 1785 2948 minorum.

299 2962 350 3050 dr
369 2957 568 3078 gloriosa
591 2961 765 3081 virgine
785 2961 953 3060 Maria.
978 3021 1019 3046 -
1057 2972 1103 3058 in
1124 2992 1218 3081 rto.
1884 2993 1885 3006 ¹

236 3269 257 3288 ..
278 3173 372 3285 Haec
393 3171 506 3247 verba
541 3174 580 3248 in
610 3173 733 3252 fronte
761 3167 933 3273 leguntur
962 3180 1141 3276 opusculi,
1179 3185 1279 3279 quod
1305 3183 1440 3280 viginti
1464 3184 1624 3298 quinque
1645 3181 1788 3260 constat

181 3269 282 3347 solus
309 3267 503 3366 rmprellis,
536 3269 574 3347 δι
596 3271 800 3350 charaiiere
819 3277 968 3362 eodem,
1002 3300 1074 3372 quo
1098 3279 1308 3376 opusculum
1333 3283 1546 3358 immediate
1571 3281 1787 3379 praecedens

181 3365 390 3462 impressum
417 3365 478 3478 est.
554 3367 692 3446 Desunt
721 3371 881 3448 initiales
914 3373 1085 3462 litterae,
1121 3376 1306 3464 custodes,
1332 3375 1544 3472 signaturae,
1570 3379 1789 3475 paginanun

181 3463 356 3574 numeri,
371 3460 410 3539 δι
429 3458 692 3575 inscriptiones.
739 3467 1043 3563 Interpunsiionis
1062 3493 1206 3568 quoque
1227 3474 1327 3551 idern
1346 3473 1396 3549 est
1411 3473 1569 3568 srgnum:
1596 3474 1696 3550 idem
1718 3497 1790 3550 nu·

182 3579 308 3634 merus
333 3557 513 3670 lrnearum
535 3582 573 3634 rrr
597 3562 728 3657 quavis
748 3565 891 3660 pagina.
971 3567 1108 3644 Charta
1131 3591 1275 3666 quoque
1296 3569 1388 3646 nihil
1410 3570 1487 3646 fere
1511 3569 1653 3656 dissert,
1693 3568 1785 3646 licet

180 3654 288 3753 plura
307 3652 346 3730 δι
367 3653 507 3728 diversa
532 3672 727 3733 occurrant
755 3659 927 3736 chartarii
953 3659 1061 3757 signa.
1112 3662 1175 3741 Ad
1196 3665 1336 3744 calcem
1362 3665 1522 3762 opusculi
1540 3666 1639 3762 quod
1658 3667 1788 3744 termi-

179 3765 294 3863 natur
311 3751 350 3824 in
397 3750 490 3863 rima
508 3751 587 3863 solii
615 3751 775 3850 vigesimi
818 3757 912 3830 uinti
928 3759 1080 3854 pagina,
1106 3761 1202 3838 linea
1233 3789 1299 3850 12,
1322 3745 1787 3859 'sequentia'typographus

10 3925 11 3930 ,
177 3849 333 3962 adjecrt:
408 3871 435 3919 x
457 3846 650 4018 lrcrtArrmo
666 3847 776 3963 fi3nisr‘
794 3777 1027 3929 inhiantem·
1047 3856 1176 3940 ordinis
1196 3859 1351 3954 flatrum
1374 3857 1551 3934 Minorem
1583 3856 1625 3932 de
1652 3860 1788 3932 cirine

178 3942 337 4056 glorroflr.
444 3944 529 4017 xdr
564 3968 614 4031 rs,
647 3947 735 4042 quid
758 3948 804 4023 de
827 3951 1077 4048 typographo,
1114 3965 1226 4054 atque
1253 3977 1350 4032 anno
1377 3954 1615 4054 impressionis
1637 3885 1732 4030 siti

178 4039 429 4128 sentiendum,
452 4039 560 4118 facile
582 4040 695 4118 reaor
715 4043 875 4142 colliget.

1719 3978 1787 4030 eil·

178 4275 267 4372 111.
300 4279 362 4408 ι).
376 4271 590 4389 Dialogus
609 4277 809 4372 Rationis
826 4283 870 4374 ὅτ
886 4265 1182 4376 conscientiae:
1217 4315 1270 4378 an
1289 4289 1512 4404 expediat,
1527 4285 1602 4374 vel
1624 4281 1785 4374 debeat

292 4415 389 4506 qurs
427 4415 554 4494 raro,
605 4395 680 4484 vel
720 4392 970 4512 frequenter
1014 4401 1267 4509 celebrare,
1310 4406 1385 4492 vel
1431 4396 1785 4490 communicare?

287 4497 490 4600 Auiiore
520 4503 735 4604 Marthae
769 4515 824 4606 de
845 4509 1065 4608 cracovia
1096 4511 1261 4622 Theos,
1295 4511 1538 4611 Prosesore
1553 4509 1782 4742 ἕξω.

1017 4691 1021 4700 -
1525 4655 1555 4723 e
1707 4669 1726 4724 ·.
