3794 5028
17 573 24 590 ,

24 1299 55 1354 rs
111 1271 350 1386 puntiionum
371 1275 470 1374 figna
512 1287 580 1352 unt

23 581 46 664 el

713 335 718 349 .
762 243 1093 372 ψ
1659 299 1742 388 1„

235 457 290 570 4)
317 443 531 569 Ejusdem
557 451 774 584 expolitio
796 454 905 544 Ave
927 453 1090 549 Maria.
1153 458 1205 568 5)
1232 437 1281 552 S.
1306 455 1538 574 Augurini
1571 470 1739 584 expofi·

234 575 303 660 tio
332 569 550 684 Symboli.
625 547 676 685 6)
714 566 929 682 Ejusdem
964 570 1180 688 expolitio
1226 573 1441 665 orationis
1472 574 1738 678 Dominicae.

50 801 60 813 ⁶
226 687 274 776 in
303 683 341 777 F
346 688 406 775 ol.

17 881 62 970 ne:
126 934 130 944 .
210 878 348 959 Omnia
370 883 454 962 haec
474 875 645 982 opuscula
667 879 800 966 eodem
820 877 1046 968 chaceurs,
1071 878 1266 980 eidemque
1287 884 1426 966 chareae
1451 887 1619 1005 impreli'a
1641 889 1735 976 nnn

17 1001 60 1050 ,es
113 977 241 1067 Quare
267 981 334 1056 vix
367 981 529 1059 dubitari
564 979 722 1078 poterit,
749 979 840 1078 quin
861 1003 910 1063 ex
937 975 1068 1058 eadem
1091 979 1356 1094 typographia,
1382 1011 1453 1068 nec
1481 989 1546 1065 dm
1575 989 1734 1070 alterum

17 1081 59 1154 n
113 1077 191 1178 post
213 1077 373 1155 alterurn
394 1077 610 1178 prodierint.
660 1077 777 1156 Porro
798 1078 880 1176 typi
904 1101 981 1154 non
1005 1076 1098 1152 nihil
1121 1101 1282 1177 111111οῑθ8
1305 1079 1344 1160 &
1367 1083 1640 1184 ⁰bl⁰1¹gls²¹⁰t2
1665 1091 1734 1165 id·

17 1179 57 1254 ie
110 1175 268 1252 modum
292 1175 427 1254 ssmiles
520 1178 572 1266 is,
600 1175 732 1275 quibus
756 1175 924 1274 impressa
943 1173 1025 1252 sunt
1044 1177 1117 1252 tria
1143 1199 1255 1274 opera
1274 1181 1534 1276 praecedentia,
1613 1187 1732 1262 inter-

634 1273 801 1364 undum,
841 1295 987 1352 comma
1011 1272 1115 1371 supra
1143 1273 1183 1353 dc
1214 1275 1311 1352 infra
1332 1277 1468 1358 lineam
1495 1284 1730 1380 prominens,

17 1403 41 1452 e
114 1394 145 1445 e.
163 1393 201 1468 g.
225 1385 377 1450 emetur
399 1377 433 1449 ia
456 1295 632 1474 moram?
666 1373 766 1450 Huic
786 1374 895 1449 lineae
916 1371 1009 1469 saepe
1031 1369 1226 1548 subssestum
1252 1373 1303 1452 est
1323 1376 1497 1474 punitum
1511 1371 1579 1480 (l)
1616 1381 1733 1458 Char·

17 1482 54 1554 i:
110 1470 197 1547 carii
219 1470 361 1568 fignum
383 1472 667 1572 frequentiss'rme
689 1494 886 1548 occurrens
902 1471 952 1547 est
965 1491 1006 1548 ca
1035 1485 1077 1548 ut

17 1578 49 1652 ie
108 1567 168 1670 jus
191 1567 291 1646 inter
311 1592 450 1647 cornua
469 1571 570 1650 stilus
592 1571 741 1668 exurgit
769 1571 807 1645 in
835 1568 973 1645 stellam
1000 1493 1032 1644 dp

17 1700 49 1751 s.
108 1667 263 1764 triginta
284 1669 403 1746 lineas
426 1669 690 1767 complebitur.
739 1669 894 1744 Litterae
917 1667 1098 1755 initiales,
1124 1667 1311 1756 custodes,
1335 1669 1550 1766 signatum,
1575 1695 1621 1772 pa
1650 1674 1730 1750 aa.

19 1779 51 1850 τῖς
110 1787 195 1842 rum
214 1767 360 1843 numeri
384 1767 521 1845 desunt.
596 1765 816 1865 Opusculum
850 1761 1128 1939 zterminatur
1145 1764 1207 1842 fol.
1232 1791 1286 1862 13.
1336 1767 1447 1864 agina
1466 1697 1661 1867 primmll

17 1885 44 1949 i:
110 1879 174 1953 28,
201 1863 241 1944 dc
262 1867 359 1942 hanc
380 1866 494 1943 hahet
517 1865 828 1963 sublcnptionem:
1296 1787 1334 1962 l

1115 1472 1199 1550 ovis
1219 1473 1420 1551 admodum
1440 1476 1635 1573 exiguum,
1667 1505 1732 1557 cu·

1026 1568 1178 1646 esmens.
1256 1570 1563 1672 Pagina‘quaevis
1584 1576 1731 1674 integra

1658 1797 1729 1850 lle!

894 1864 1016 1961 eplicit
1027 1859 1129 1962 sima
1147 1861 1237 1939 edica
1265 1888 1287 1938 a
1319 1891 1357 1940 co
1391 1863 1527 1943 liomc.
1556 1865 1613 1944 Dc
1639 1871 1727 1968 cisso

17 1979 47 2047 ie
110 1961 165 2038 Dc
184 1962 340 2040 articulis
351 1961 441 2062 fidei
458 1965 499 2044 di
526 1963 651 2065 ecclestc
664 1962 872 2064 sncrdmiris.
925 1963 967 2038 ln
992 1961 1117 2038 averia
1140 1959 1306 2060 ejusdem
1329 1963 1409 2040 folii
1431 1966 1565 2062 pagina
1597 1965 1726 2065 Incieir
1797 2039 1802 2058 ,

17 2091 45 2176 ³27³
109 2059 215 2258 grul}
230 2059 271 2137 dc
290 2063 453 2162 periculis
478 2061 506 2162 ᾇ
529 2065 660 2179 elingit
694 2061 755 2138 len
785 2059 937 2161 scemeca
960 2057 1150 2176 eucharistie
1173 2059 1447 2156 &dcsanediis
1467 2061 1647 2152 concidisse
1668 2067 1724 2141 di·

136 2183 166 2234 rs

204 2159 291 2236 asili
309 2157 417 2236 clame
436 2160 477 2236 dc
499 2186 522 2236 e
566 2185 632 2237 sno.
680 2159 785 2238 Folio
802 2185 866 2258 29,
893 2161 1028 2257 pagina
1045 2181 1185 2258 prrma,
1212 2159 1308 2234 linea
1327 2183 1368 2256 25
1386 2161 1604 2238 terminatur·
1619 2165 1722 2240 Hen-

25 2263 28 2270 ’
107 2257 174 2334 rici
195 2257 241 2336 de
271 2257 394 2336 Haliia
418 2283 514 2359 expo
529 2261 596 2336 rtio
631 2259 810 2335 orationis
837 2257 1051 2344 dominicae,
1094 2258 1154 2333 cui
1178 2257 1260 2335 haec
1290 2259 1566 2358 atypographo'
1581 2258 1722 2359 adjelia

110 2353 159 2432 est
175 2353 404 2462 subscriptio:
426 2357 586 2458 Explicit
602 2358 761 2471 exposttio
776 2353 974 2470 cicendilis
995 2357 1146 2466 magistri
1162 2351 1303 2430 heinrici
1318 2351 1360 2430 dc
1381 2353 1492 2457 lefflc.
1518 2355 1554 2436 S
1592 2383 1628 2435 cr
1641 2382 1725 2435 erc·

109 2460 180 2528 rici
205 2451 378 2537 domicum.
425 2455 565 2534 Aversa
586 2456 696 2555 hujus
719 2454 798 2532 folii
822 2477 956 2552 pegma
976 2453 1027 2530 est
1049 2475 1177 2531 vacua.
1239 2451 1468 2532 Postremum
1488 2478 1535 2555 op
1575 2456 1720 2548 culum,
1766 2521 1774 2539 .

18 2562 37 2667 ,5²
106 2557 192 2730 303
204 2555 439 2727 demam
459 2555 550 2635 folio
567 2579 635 2654 39,
673 2553 819 2653 paginae
842 2553 980 2630 aversae
1000 2551 1098 2630 linea
1123 2575 1189 2652 17,
1231 2547 1270 2630 dc
1295 2551 1391 2632 hanc
1411 2551 1524 2632 habet
1547 2552 1721 2656 subscrip·

17 2674 38 2740 ;,.’.
183 2675 261 2730 e:
1205 2700 1210 2711 ,

545 2748 705 2850 Explicit
723 2745 834 2848 sermo
857 2743 947 2825 dccli
970 2743 1132 2856 Agnfllnr'
1155 2743 1259 2851 (ic)

547 2849 589 2927 dc
614 2849 763 2928 aalma
787 2845 963 2926 dominice.

17 3049 30 3148 {-
105 3099 222 3196 Llll.
250 3099 474 3224 Incipiunt
503 3097 727 3222 sermones
761 3097 978 3191 notabiles
1009 3095 1055 3188 ii
1075 3091 1294 3207 formales
1337 3115 1368 3208 p
1402 3095 1569 3189 eximin·
1610 3098 1714 3192 clim

223 3215 401 3318 deliaci
450 3245 547 3311 ecre
565 3217 781 3351 theologie
793 3210 1147 3347 patei-&ceola
1168 3208 1378 3328 caccccstai
1399 3213 1555 3303 domus
1582 3228 1712 3308 extre

214 3360 370 3429 muros
404 3213 607 3444 deformi
638 3333 808 3424 niecrcn
847 3329 898 3420 cle
926 3329 1101 3448 pcipais
1128 3323 1442 3446 festivitatibus
1478 3324 1713 3440 celebribus

210 3477 293 3572 per
313 3451 416 3542 anni
441 3447 609 3540 circnlci
639 3458 730 3538 lem
763 3447 814 3537 de
844 3451 980 3564 tempi
1002 3449 1059 3560 ᾖς
1079 3443 1130 3534 de
1142 3437 1324 3560 scabis.
1343 3439 1608 3558 'anticrisati
1627 3473 1713 3566 per

208 3565 311 3657 claim
333 3557 501 3656 calinici
527 3556 684 3655 tercia.
719 3561 802 3653 acia
811 3557 899 3675 sne
911 3559 1060 3679 primo
1092 3555 1148 3650 ln
1162 3553 1314 3650 oriam
1330 3554 1551 3671 vifiiacois
1573 3561 1713 3665 marie

209 3679 405 3802 gloriose
420 3680 611 3800 virginis
636 3679 768 3770 Anao
793 3674 884 3767 dcii.
922 3707 976 3766 ω.
1001 3699 1090 3766 cccc
1105 3667 1203 3764 LV.
1229 3732 1277 3750 -
1315 3673 1361 3763 in
1382 3671 1488 3770 Fol,
1506 3675 1609 3768 min.

191 3899 285 3979 Haec
303 3900 527 3978 verbotenus
549 3899 723 3996 leguntur
741 3897 782 3972 in
796 3893 920 3972 fronte
967 3891 1073 3969 rimae
1091 3890 1255 3989 paginae,
1285 3889 1556 3988 &repetuntur
1576 3893 1616 3969 in
1633 3893 1710 3975 fine

103 3997 236 4094 operis,
275 3999 330 4078 ita
352 4011 478 4075 tamen
497 4012 541 4076 ut
562 3997 645 4074 loco
668 3995 905 4094 Incipiunt,p
944 4001 1037 4067 rtum
1059 3987 1122 4078 stt,
1143 3987 1357 4086 Expliciccnl.
1436 3991 1593 4068 Litterae
1625 3993 1708 4072 sunt

102 4096 254 4190 gothicae
271 4096 383 4198 paulo
403 4095 583 4197 majores,
609 4095 720 4172 rudes
736 4091 936 4169 admodum
958 4085 997 4166 δι
1018 4087 1240 4186 inaequales,
1266 4100 1311 4163 ut
1333 4086 1481 4184 sculptae
1498 4091 1705 4178 videantur,

102 4215 172 4270 non
190 4194 289 4275 inire.
339 4195 646 4294 interpunctionis
681 4189 822 4290 ignum
851 4188 1003 4268 unicum
1032 4187 1213 4272 occurrit,
1239 4205 1372 4282 nempe
1390 4183 1579 4356 ¹puniium
1628 4187 1706 4264 Ini-

102 4291 203 4386 tiales
224 4293 381 4390 litterae,
413 4293 599 4381 custodes,
633 4290 848 4389 signaturae,
887 4285 1104 4385 paginarum
1124 4281 1328 4360 numeri&
1349 4282 1387 4357 in
1401 4283 1602 4381 criptiones
1620 4285 1706 4362 'ubi-

17 4353 19 4432 l
102 4409 166 4485 que
187 4391 325 4472 duum
376 4391 515 4470 Charta
529 4391 581 4468 est
590 4386 808 4475 tirmiiiima,
834 4386 958 4464 minus
978 4383 1062 4460 albi
1080 4381 1120 4460 dr
1135 4380 1270 4479 polita,
1296 4379 1630 4458 nulloclrartieriisr
1682 4411 1708 4463 o

17 4501 19 4512 “
104 4501 235 4569 noum.
287 4491 439 4581 Quaevis
448 4494 592 4672 fagina
614 4490 760 4584 integra
778 4487 931 4585 triginta
956 4482 1048 4556 duas
1068 4481 1185 4556 lineas
1199 4477 1385 4576 imprellas
1401 4479 1577 4554 conones„
1664 4505 1707 4558 o·

464 4591 540 4673 olio
559 4587 728 4688 imprella
752 4609 825 4688 274
850 4579 1114 4677 complebitur.
1175 4575 1445 4656 Celebersimus
1470 4575 1709 4658 Schwarzius

103 4582 220 4672 limen
238 4590 428 4694 integrum
852 4679 887 4760 U
914 4704 938 4758 2
1075 4747 1081 4758 .
1556 4676 1658 4774 apud
