3794 5028
112 481 215 583 quid,
242 483 300 560 cui
320 482 534 574 siconem,
560 441 743 584 quemme,
769 477 907 586 quondo
924 487 1087 586 r'eq'uirar.
1135 483 1291 570 Litterae
1314 485 1396 572 sunt
1417 487 1586 591 oblongae
1607 511 1734 591 eaeque

111 607 188 658 non
214 584 309 658 nibil
334 585 566 682 pinquiores,
592 583 651 673 dc,
676 597 719 661 ut
732 586 901 674 videtur,
926 586 1032 675 susae,
1056 609 1131 662 non
1149 586 1222 663 scul
1248 600 1309 665 tae.
1359 589 1568 682 simillimae
1585 590 1732 682 litteris,

108 681 247 776 quibus
278 680 405 782 Jacobi
435 679 695 762 Cliartulienfis
720 682 896 760 traiiatus
921 683 968 760 de
990 611 1295 782 Appariuomius
1327 687 1535 764 animarum
1555 685 1633 786 post
1653 691 1734 764 exi·

113 789 195 856 tum
220 802 351 854 earum
383 803 432 856 ex
459 782 674 876 corporibus
704 780 775 858 &c
807 780 1007 858 recensitus
1026 783 1074 858 ad
1096 805 1181 857 ann.
1216 805 1318 883 1475.
1352 784 1397 859 N.
1422 783 1502 864 VII.
1525 787 1565 861 in
1596 787 1732 884 oppido
1876 805 1878 810 '

112 875 311 972 Burgdors
328 875 518 974 impressus
540 876 601 952 est.
655 877 815 955 'Verum
836 879 963 956 littera
982 880 1053 980 Jod
1076 879 1275 976 maiuscula
1296 881 1335 956 in
1356 881 1498 958 duobus
1527 881 1631 959 hisce
1657 898 1733 960 tra·

109 970 270 1066 statibus
293 972 344 1050 est
366 997 413 1072 op
439 974 501 1050 ido
522 973 673 1051 diversa.
722 975 852 1052 Exstat
871 976 1297 1054 auteminBibliotbeca
1317 978 1499 1056 eleilorali
1515 981 1732 1059 Monacenli

111 1069 380 1148 Consellionale
435 1071 668 1168 artholomaei
689 1073 736 1148 de
756 1073 941 1160 Chaimis,
969 1087 1059 1151 nota
1077 1075 1150 1150 loci
1170 1075 1211 1153 &
1223 1079 1310 1152 anni
1327 1077 1558 1164 destitutum,
1585 1077 1645 1154 sed
1663 1103 1731 1154 no·

107 1189 196 1244 men
233 1169 489 1266 typographi,
519 1170 734 1246 Christosori
759 1171 953 1250 Valdarser
978 1173 1117 1248 habens
1146 1171 1364 1270 impressum.
1434 1176 1549 1254 Porro
1571 1176 1728 1263 litterae,

107 1266 244 1361 quibus
269 1266 479 1364 impressum
501 1266 552 1343 est
572 1268 644 1343 hoc
674 1267 947 1357 confeffionue,
996 1270 1077 1346 sunt
1138 1271 1256 1346 torsus
1292 1272 1435 1348 eaedem
1468 1287 1554 1351 cum
1590 1273 1725 1348 litteris

107 1365 244 1458 quibus
285 1362 474 1460 impressus
504 1365 554 1439 eii
591 1365 748 1462 praesens
783 1363 978 1444 Albertani
1014 1368 1096 1444 Cau
1111 1369 1198 1443 rdici
1234 1368 1430 1456 uastatos,
1475 1384 1518 1446 ut
1546 1372 1644 1452 datis
1679 1373 1727 1448 ad

107 1483 168 1540 tue
185 1460 325 1538 litteris
347 1461 502 1546 testatus
522 1461 573 1538 est
597 1463 643 1538 cl.
671 1463 975 1562 Steigenberger,
1010 1464 1132 1541 eidem
1152 1461 1396 1542 Bibliothecae
1416 1467 1600 1544 elettorali
1624 1467 1724 1544 Prae·

104 1556 242 1642 festus,
264 1559 333 1654 qui
359 1580 451 1654 opus
472 1557 670 1655 utrimque
690 1561 956 1638 adcuratissrme
983 1564 1080 1638 inter
1103 1563 1137 1638 k
1162 1563 1330 1639 contulit.
1347 1561 1420 1666 (o)'
1467 1561 1668 1644 Haudabs
1686 1589 1726 1642 re

106 1655 284 1750 igitur&
308 1655 525 1752 praesentem
547 1655 762 1744 trastatum,
787 1649 825 1736 dr
848 1659 1032 1756 sequentia
1056 1683 1167 1755 opera
1190 1659 1416 1735 Nu.x1.-
1433 1663 1532 1738 XVI.
1559 1685 1725 1760 compre·

104 1751 234 1840 hensa,
260 1766 390 1850 utpote
414 1753 552 1830 litteris
573 1755 739 1852 impressa
763 1756 870 1852 plane
888 1757 1022 1832 iisdem
1038 1757 1297 1854 Christopltoro
1324 1757 1536 1836 Valdarfero
1556 1759 1645 1836 licet
1668 1774 1725 1838 at·
1775 1789 1781 1808 ,
1888 1729 1889 1820 l

105 1851 283 1926 tribuere.
341 1851 552 1926 Redeamus
580 1877 677 1927 nunc
699 1853 820 1930 denuo
842 1855 891 1928 ad
912 1853 1119 1930 Trasiatum
1139 1853 1354 1952 praesentem
1382 1854 1575 1932 Albertani
1600 1855 1722 1934 Causi-

105 1947 190 2024 dici.
243 1947 383 2026 Desunt
404 1945 541 2026 litterae
565 1949 745 2035 initiales,
773 1949 960 2038 custodes,
987 1950 1198 2047 signaturae,
1225 1953 1441 2048 paginarum
1457 1955 1612 2030 numeri.
1663 1957 1723 2031 ln·

104 2044 401 2142 terpuntlionum
428 2045 529 2142 signa
549 2049 621 2123 duo
641 2057 856 2135 occurrunt,
882 2069 1015 2146 nempe
1061 2050 1228 2136 uallum,
1250 2051 1288 2126 dc
1309 2050 1406 2126 linea
1430 2051 1588 2148 oblonga
1616 2051 1722 2148 supra

102 2143 141 2220 dt
164 2143 263 2218 infra
283 2143 419 2218 lincam
441 2146 675 2239 prominens,
702 2144 810 2254 liujus
826 2146 978 2222 formae:
1041 2145 1193 2248 occardus.
1245 2147 1383 2243 Pagina
1408 2151 1551 2245 quaevis
1573 2152 1719 2246 integra

103 2237 222 2318 lineas
249 2239 502 2337 computistis
522 2245 676 2340 triginta
699 2244 803 2318 duas.
862 2241 992 2320 Plures
1015 2243 1124 2342 hujus
1146 2243 1306 2344 opusculi
1332 2245 1533 2332 editiones,
1562 2269 1718 2342 quarum

103 2339 221 2434 prima
241 2339 399 2414 Louanii
422 2361 519 2415 anno
544 2339 769 2437 1485.sasia
792 2340 860 2426 est,
873 2340 1012 2419 'laudat
1037 2343 1188 2420 Oriundi
1205 2343 1246 2418 in
1268 2343 1379 2430 libro,
1407 2345 1468 2419 cui
1489 2344 1628 2420 titulus
1646 2343 1717 2421 est:

106 2435 248 2533 Origine
271 2435 467 2537 eProgreffl
490 2434 575 2511 della
587 2442 729 2538 stampe.
782 2435 836 2514 At
857 2461 946 2514 vero
960 2441 1007 2516 de
1029 2439 1277 2537 nostra,'quae
1296 2440 1392 2516 sorte
1412 2441 1578 2516 omnium
1599 2443 1719 2542 prima

102 2533 169 2626 cli;
197 2535 294 2610 nihil
314 2533 444 2622 habet,
470 2559 538 2612 nec
564 2536 662 2634 apud
686 2535 801 2612 alium
820 2535 1034 2634 scriptorem
1055 2536 1135 2636 ejus
1159 2538 1279 2637 reperi
1299 2539 1539 2614 mentionem.

105 2691 176 2831 lli.
215 2741 427 2858 Johannis
462 2741 628 2836 Gerson
660 2745 1137 2888 Alphabetumdivini
1173 2745 1347 2840 amoris.
1392 2747 1438 2840 in
1468 2747 1508 2838 F
1512 2751 1574 2849 ol.
1608 2751 1713 2842 min.

201 2938 426 3036 opusculum
445 2937 557 3027 illud,
584 2939 718 3036 viginti
739 2941 906 3016 constans
928 2939 1027 3017 soliis
1051 2942 1244 3042 impressis,
1270 2945 1408 3022 nullam
1429 2943 1543 3023 habet
1564 2943 1713 3118 inseri&-

101 3039 258 3124 tionem,
290 3036 350 3112 vel
374 3039 536 3130 titulum.
592 3035 827 3114 Charasieres
850 3039 931 3115 sunt
951 3039 1065 3114 iidem
1084 3064 1169 3117 cum
1193 3043 1459 3118 charasieribus
1483 3042 1642 3140 opusculi
1701 3101 1711 3121 .

102 3135 145 3212 X.
165 3131 346 3212 recensiti.
394 3135 507 3210 Caret
521 3136 658 3212 litteris
672 3135 895 3225 initialibus,
921 3138 1147 3227 custodibus,
1173 3137 1389 3236 signaturis,
1409 3141 1626 3238 paginarum
1642 3163 1714 3218 nu·

102 3237 224 3309 meris.
274 3233 520 3309 Distinttionis
547 3232 687 3346 signum
710 3235 871 3309 occurrit
893 3235 1062 3347 unicum,
1088 3261 1220 3333 nempe
1242 3236 1424 3334 punsium.
1484 3233 1551 3351 Ad
1572 3239 1710 3351 calcem

102 3333 230 3444 primae
252 3330 376 3445 ultim-i
397 3329 477 3405 solii
496 3345 835 3500 paginaedteguntor
859 3331 1060 3504 seiiiiiniiiz:
1074 3333 1246 3535 ᾖοιςίξὲῗ
1268 3331 1710 3528 έζξλαέεὲἓῖαῖἔευῆειήῗωὲ·

101 3426 641 3639 iitirniseselmliiiitiirntiepniiiiiili,
667 3453 938 3696 iptiitidviiiijpiit·
977 3459 1212 3642 Adironorem
1237 3489 1327 3602 omni
1347 3533 1465 3646 otcptit
1488 3528 1550 3604 dei.
1578 3459 1709 3644 alipius
1824 3557 1827 3562 ·
1888 3631 1889 3638 ἵ

102 3621 1270 3836 {discidiissqis'iiiiais‘liallas“niislsni{⁶ilii
1283 3628 1708 3827 ,amisistis

102 3819 158 3892 liis
186 3819 327 3893 verbis:
353 3815 438 3890 Item
457 3811 548 3920 ffob.
565 3813 693 3914 Gerson
719 3816 942 3894 Cancelonus
955 3821 1112 3924 purifici.
1141 3821 1240 3897 Dicit
1259 3819 1340 3919 pud
1353 3821 1408 3900 dei
1428 3825 1578 3900 timorem
1588 3847 1707 3922 perur-

103 3919 190 3987 nitur
212 3916 312 3988 atium
326 3912 395 3991 &a
438 3915 560 4002 Quare
581 3915 667 3991 huic
687 3939 763 4034 non
786 3915 882 3993 reste
904 3916 1005 3994 idem
1030 3918 1254 3996 adscribitur.
1577 4017 1647 4110 ΧΠ

141 4208 189 4292 (a)
212 4179 442 4302 Ueteri-bisce
464 4209 602 4302 primum
627 4208 745 4304 diebus·
761 4209 959 4306 Breviarium
978 4207 1308 4316 Eystetteuseusnno·
1324 4222 1411 4301 1483.
1428 4214 1509 4296 jussu
1529 4213 1705 4312 Wilbelrpi

201 4287 442 4463 fissilis}
464 4287 1703 4468 ttblstussstblasrbs‘lstb,t‘ti‘tttnilsbsflsltssr
1742 4449 1745 4463 ,

203 4453 381 4534 Alphabeti
402 4451 470 4516 sunt
493 4457 619 4546 prorius
642 4454 760 4516 eaden
786 4474 855 4516 cum
883 4457 1018 4546 limeris,
1048 4455 1164 4549 quibus
1187 4453 1333 4541 impressa
1357 4458 1427 4522 sunt
1450 4469 1520 4552 calm
1540 4461 1640 4524 hoco
1668 4479 1701 4524 u·

199 4531 339 4603 serrium,
361 4531 610 4618 runasequentru
630 4533 686 4597 ses
707 4554 815 4616 opera.
860 4531 988 4600 l'olient
1020 4540 1085 4600 baec
1111 4556 1209 4618 igitur
1235 4538 1347 4602 codam
1380 4537 1446 4605 sors
1469 4557 1540 4621 jure
1570 4479 1665 4608 statii

202 4611 350 4695 Georgio
369 4611 484 4696 ityser.
536 4612 655 4678 Verum
675 4619 704 4678 ἀ
726 4617 804 4678 illud
828 4617 1136 4708 eil-observandum,
1159 4620 1225 4712 lieri
1244 4615 1400 4700 potuisse,
1421 4636 1455 4684 ut
1475 4621 1703 4714 iisdemutypis

200 4696 490 4788 plnres-prereptus
506 4699 726 4782 typographi.
748 4695 921 4782 praesermn
937 4697 959 4762 li
975 4717 1038 4764 non
1052 4699 1166 4784 sculpti
1179 4699 1230 4764 sed
1245 4699 1303 4766 susi
1315 4699 1394 4772 bnt.
1427 4717 1459 4766 ut
1475 4721 1535 4786 ego
1548 4703 1707 4772 existimo.
