3790 5030
587 417 736 498 Venelib
762 447 827 521 per
849 421 1037 526 Boplijlorn
1067 426 1110 502 de
1142 414 1254 504 Yorlir
1348 470 1349 478 κ

581 516 639 594 M.
654 517 848 597 cccclxxxi.
862 519 925 598 die.
942 524 1060 598 xxiiii.
1075 521 1264 630 ffannarii.

119 615 203 690 His
230 610 423 708 subjestum
441 609 492 690 est
509 611 699 715 Registrum
720 615 973 695 Rhetoricorum
998 619 1155 696 Veterum
1175 620 1216 699 ss
1238 643 1410 697 nouarum.
1431 699 1451 720 ι
1485 615 1636 694 Orlandi
1661 617 1743 694 nul·
1839 619 1842 626 ’

120 712 207 784 lum
224 711 402 816 excitavit
420 711 554 786 librum
574 726 660 788 ante
678 737 816 791 annum
835 731 923 815 1481
945 739 968 792 a
986 718 1152 815 Baptista
1168 719 1215 795 de
1231 719 1355 796 Tortis
1370 715 1593 814 impressum.
1633 715 1743 804 Quod

121 807 151 881 st
175 831 303 882 revera
324 821 411 884 ante
433 807 531 882 hunc
552 831 688 886 annum
713 812 835 888 nullus
860 837 908 890 ex
933 811 1013 910 ejus
1028 815 1274 913 typographia
1289 815 1444 912 prodiit,
1471 811 1644 889 recenfita
1660 837 1742 888 mo·
1794 853 1798 862 ·

121 905 178 978 do
201 903 484 979 Riretdricorum
508 905 698 982 Ciceronis
726 910 861 992 editio,
913 933 997 985 uam
1014 913 1231 1008 ignorarunt
1248 912 1419 996 Orlandi,
1445 911 1491 986 de
1503 911 1622 996 Bure,
1643 911 1741 985 Har·

121 1003 257 1087 wood,
298 1001 337 1080 &
363 1001 601 1113 aliinomnes,
637 1007 700 1100 qui
734 1007 826 1082 mihi
857 933 911 1084 al
938 1031 1070 1083 manus
1099 1009 1180 1086 sunt
1207 1025 1342 1107 praeter
1370 1007 1558 1084 lllaittaire
1579 1006 1687 1082 Tom.
1710 1007 1740 1084 l.

122 1119 212 1194 pag.
236 1123 318 1194 419·
345 1121 510 1174 omnium
532 1101 743 1192 primus'ell
767 1105 877 1191 liber,
904 1104 950 1180 ab
972 1105 1105 1186 eodem
1119 1107 1376 1207 ,typographo
1398 1103 1608 1204 impressus,
1631 1115 1740 1203 utpo·
1852 1149 1854 1156 ·

124 1211 168 1272 te
190 1216 267 1292 Jam
291 1193 345 1269 die
364 1197 481 1270 xxiiii.
503 1193 679 1302 januarii
704 1199 842 1278 linitus.

125 1409 193 1500 lt.
224 1409 402 1499 Nicolai
427 1411 482 1496 de
509 1407 629 1520 Lyra
658 1408 830 1499 Postilla
845 1406 891 1497 in
913 1405 1150 1498 universam
1168 1405 1419 1522 scripturam
1440 1405 1625 1518 sacrem,
1654 1411 1741 1500 stne

241 1544 365 1612 textu
396 1524 522 1640 iplius
544 1521 763 1638 scripture
786 1519 932 1627 sacrae,
963 1519 1034 1609 sed
1057 1551 1156 1612 cum
1175 1521 1473 1614 additionibus
1493 1524 1615 1612 Pauli
1637 1523 1740 1613 Bur·

241 1635 400 1750 gentis,
431 1638 474 1728 dt
496 1637 693 1752 Replicis
720 1635 923 1728 Matthiae
945 1633 1164 1753 Doringii.
1226 1636 1524 1752 Norimbergae
1542 1661 1621 1753 per
1646 1647 1738 1730 An-

240 1753 412 1841 tonium
436 1749 678 1870 Koburget.
711 1765 839 1861 1481.
869 1751 917 1880 in
948 1747 1054 1844 Fol.
1679 1820 1681 1824 ,

291 1945 392 2044 Opus
415 1945 508 2022 istud
540 1946 691 2042 gothico
722 1945 927 2023 charal'tere
957 1947 1120 2032 minuto,
1147 1968 1264 2044 eoque
1290 1946 1516 2044 pereleganti
1535 1928 1740 2027 in⁸duabus

114 2043 312 2122 ‘columnis
338 2043 632 2140 praestantiffimae
665 2043 803 2120 chartae
833 2042 1039 2140 imprellum
1067 2043 1127 2119 est.
1209 2045 1322 2119 Caret
1350 2044 1553 2122 initialibus
1585 2047 1740 2134 litteris,

128 2141 359 2227 custodibus,
390 2138 603 2236 signaturis,
631 2141 905 2238 &paginarum
928 2142 1104 2215 numeris.
1158 2141 1233 2215 Sed
1261 2141 1301 2216 in
1327 2142 1445 2238 prima
1474 2142 1639 2240 cujusvis
1660 2144 1741 2221 solii

127 2241 271 2437 selis}
288 2237 522 2433 bllpli³⁰¹³
542 2237 1741 2432 slllliallllgllllulsllst0l0i²lll⁰¹llld⁰svbnlait

129 2435 247 2512 libros
268 2431 520 2530 complestitur
540 2433 626 2509 inde
640 2456 661 2507 a
677 2431 796 2527 genesi
817 2453 934 2530 usque
954 2432 1002 2507 ad
1022 2431 1247 2509 Plalterium.
1299 2431 1741 2510 SecundusaProverbiis

37 2581 41 2586 -
128 2531 344 2610 Salomonis
363 2531 511 2627 incipit,
540 2530 795 2626 clauditurque
816 2527 1042 2627 expositione
1067 2528 1277 2628 Propltetiae
1298 2524 1428 2605 Amos.
1486 2531 1632 2608 Tertius
1656 2533 1742 2608 reli·

130 2651 228 2726 quos
246 2625 496 2726 complestitur
518 2627 721 2725 Prophetas
743 2629 904 2702 minores
927 2648 1107 2702 unacum
1131 2626 1273 2701 duobus
1298 2624 1401 2701 libris
1425 2627 1739 2716 Machabaeor'um,

129 2727 176 2804 dc
201 2725 343 2824 insuper
364 2735 486 2800 totum
511 2747 650 2802 novum
679 2723 946 2800 testamentum.
996 2721 1059 2798 Ad
1081 2723 1219 2799 calcem
1242 2723 1344 2798 tertii
1370 2723 1569 2800 voluminis
1590 2727 1741 2823 sequens

131 2825 271 2918 legitur
300 2819 528 2918 subscriptio:
560 2819 713 2918 Fxplicil
730 2817 871 2922 postilla.
894 2820 1119 2922 preclarifflmi
1139 2818 1279 2895 silicolus
1304 2817 1344 2894 de
1365 2819 1451 2916 lyra.
1475 2820 1603 2899 ordinis
1629 2825 1742 2922 mino4

121 2919 174 3021 su
197 2947 232 2995 er
253 2916 368 2994 biblia.
398 2931 467 2993 tam
497 2931 591 2994 vetus
613 2919 785 3016 'p‘nonnm
816 2919 1011 3019 testamenti.
1039 2922 1083 2991 cti
1105 2913 1313 2992 additioniba
1335 2915 1521 2995 Reuerendi
1548 2921 1583 2994 in
1611 2928 1680 3017 xpo
1729 2976 1738 2996 .

201 3016 234 3094 d.
260 3013 364 3092 Pauli
385 3013 521 3116 burgen.
542 3016 638 3092 ecclic
663 3012 730 3112 epi.
747 3013 847 3112 sacre
871 3011 1030 3113 theologie
1051 3039 1091 3088 ac
1116 3012 1256 3090 ordinis.
1280 3011 1315 3117 s
1349 3012 1450 3090 deici.
1480 3016 1539 3112 pse
1565 3017 1644 3091 oris.
1703 3017 1740 3092 il'

132 3141 179 3192 ac
200 3115 332 3213 replicis
356 3113 533 3188 vennalil'
556 3112 695 3190 Mallia
719 3110 861 3210 doringl
880 3110 981 3210 sacre
1012 3112 1138 3209 pagine
1159 3135 1200 3185 ac
1220 3135 1256 3185 re
1282 3110 1343 3185 ule.
1361 3110 1395 3209 s
1415 3111 1512 3206 srdci
1525 3117 1557 3187 ci
1572 3115 1633 3212 'pse
1660 3116 1740 3192 oris.
1862 3140 1865 3149 ·

127 3211 251 3328 ploce
265 3211 330 3309 sno
353 3209 534 3307 adaptatis.
586 3209 638 3286 El
658 3209 820 3311 industria
833 3211 966 3309 impenst
980 3233 1023 3306 q3
1038 3205 1188 3284 anilonis
1211 3137 1373 3307 solonge
1388 3209 1493 3284 incole
1506 3210 1587 3286 Nur
1631 3215 1742 3309 ergei.

133 3335 162 3409 q
190 3307 367 3409 diligenter
392 3311 563 3384 exaratis:
584 3321 676 3407 orq3.
695 3309 788 3406 xxij.
805 3307 918 3406 mensts
972 3308 1117 3403 annarij.
1133 3305 1375 3403 Annosalutis.
1399 3307 1462 3382 Mt
1491 3309 1741 3387 cccc⁰Lxxxi

134 3411 357 3512 cofitmmnlis.
406 3411 471 3488 Ex
496 3411 518 3518 ᾖ
545 3413 620 3488 lans
647 3410 751 3487 donor
776 3410 817 3489 Es
841 3411 954 3509 gloria
978 3407 1038 3484 deo
1058 3413 1177 3508 ppicio.
1200 3421 1236 3485 vt
1252 3407 1321 3508 sua
1342 3407 1475 3506 digner*
1499 3407 1604 3511 ndeffe
1626 3411 1744 3508 gralia

114 3515 181 3595 Ε
193 3517 312 3612 flauere
337 3519 429 3614 operi
427 3519 602 3690 11εωσσίηιι
621 3514 779 3614 offitium.
850 3515 941 3590 Pars
964 3516 1086 3626 operis
1107 3512 1216 3610 hujus
1238 3513 1348 3626 longe
1360 3511 1543 3624 ‘maxima-
1556 3513 1630 3610 jam
1647 3536 1744 3592 anno

138 3630 237 3710 1480
257 3615 384 3691 debuit
404 3639 426 3690 e
494 3613 678 3712 imprella,
707 3622 837 3712 utpote
860 3635 944 3686 cum
967 3614 1026 3686 dre
1047 3636 1092 3690 22
1114 3609 1277 3710 januarii
1296 3634 1380 3706 ann.
1407 3624 1509 3706 1481.
1531 3633 1606 3707 Jam
1629 3612 1743 3708 praelo

136 3727 263 3804 totum
289 3713 433 3787 exierit.
501 3713 556 3788 Cl.
591 3711 731 3786 Panzer
760 3717 793 3785 bt
821 3716 874 3784 oet
910 3709 1090 3800 (beidrtdrre
1115 3713 1167 3784 ber
1193 3706 1470 3804 mirobergtidreo
1490 3709 1670 3806 aragonen
1691 3716 1746 3785 ber

134 3810 248 3887 ffitoet
268 3831 350 3921 pag.
375 3831 420 3908 57
436 3813 524 3884 ·l›2.
552 3807 664 3884 fufius
689 3809 766 3904 agit
789 3807 835 3882 de
861 3807 930 3882 hac
954 3806 1126 3880 editione.
1179 3803 1259 3900 Ego
1283 3804 1322 3879 id
1344 3827 1459 3879 unum
1482 3806 1598 3889 addo,
1620 3805 1660 3882 in
1676 3831 1746 3884 no·

138 3905 215 3979 tiro
236 3919 347 4018 ettam
363 3906 583 4002 ‘exemplari
615 3905 870 3986 hebraicorum
896 3903 1086 4015 nominum
1114 3900 1456 4014 interpretationem
1478 3901 1593 3978 deesse
1612 3903 1650 3980 dt
1674 3899 1747 3978 'so-

137 4022 468 4176 tltttbttt
480 3996 1367 4208 strienlstbtl,similabitis
1387 4000 1746 4207 listellsasllil
1792 4057 1803 4068 ·

141 4197 337 4272 nominum
357 4197 699 4292 interpretationem
722 4193 776 4266 ad·
792 4215 914 4289 opens
940 4192 1248 4289 complementum
1271 4206 1483 4289 pertinere,
1527 4193 1565 4268 dt
1587 4191 1682 4266 sorte
1708 4213 1746 4265 m

56 4326 66 4360 κ
139 4293 436 4386 exemplaribus,
466 4307 510 4369 ut
534 4295 573 4368 in
595 4287 844 4368 Brunsvicensr
861 4291 882 4382 '(
893 4289 966 4364 vid.
992 4289 1206 4381 &lucidabat
1228 4307 1292 4364 om
1320 4295 1372 4362 ber
1394 4289 1681 4384 ffiroonlcbroeigil
1711 4311 1747 4361 ut
1815 4377 1818 4384 Δ

142 4390 449 4562 Ξίὑιῐῐῗηιιῐιῑιῐυης.
474 4391 527 4473 Θ.
555 4414 625 4488 792
649 4383 741 4488 ac.)
769 4387 960 4482 inquibus
982 4387 1180 4484 reperitur,
1218 4408 1267 4460 ex
1294 4383 1378 4460 aliis
1406 4381 1627 4496 editionibus
1650 4383 1750 4484 adje-

184 4509 243 4564 am
284 4509 318 4560 ur
347 4511 380 4564 e.
