3788 5034
154 282 211 382 aa
801 249 1131 380 «ᾧ

156 461 323 541 cedentis
342 459 497 562 irnprelli
513 464 613 540 nulla
632 463 671 540 io
685 461 920 544 dedicatione
933 462 1171 554 siatmentio:
1198 464 1298 543 roae
1313 475 1440 545 tamen
1461 463 1524 542 ille
1547 486 1645 543 anno
1669 466 1769 563 14⁶9·

157 559 219 638 vel
244 565 346 658 1468.
369 559 556 658 impressus
583 562 651 640 else
678 561 873 659 judicatur.
893 643 896 652 ,
944 560 1099 652 ¹lilissum
1119 563 1261 661 quippe
1283 563 1333 640 ad
1354 563 1653 642 Maximilianum
1675 564 1770 640 hunc

6 755 7 766 .
156 657 260 736 fuisse
283 661 416 735 librum
436 658 511 758 jam
533 661 760 758 impressum,
788 684 900 758 quam
930 657 1237 774 Manuscripturn,
1272 661 1323 738 est
1345 661 1456 759 longe
1484 685 1574 740 vero
1602 659 1774 748 similius,

159 780 202 832 ea
226 755 426 853 praesertim
444 769 576 850 aetate,
604 781 677 854 qua
697 759 811 835 libros
834 757 1070 854 imprimendi
1092 781 1153 836 ars
1176 761 1216 834 in
1241 761 1332 836 urbe
1354 759 1476 838 Roma
1496 758 1574 856 jam
1595 783 1672 834 non
1695 782 1773 834 am·

157 855 255 952 plius
283 869 363 930 erat
384 867 448 930 aut
471 857 638 946 occulta,
671 869 737 932 aut
764 858 916 932 omnino
931 878 1057 932 nova.
1133 857 1239 932 Folio
1270 857 1435 934 secundo
1450 860 1501 932 im
1527 856 1616 934 relso
1643 857 1775 953 incipit

158 948 239 1049 ejus
261 953 324 1124 gui
346 953 480 1029 librum
499 974 695 1048 ex·graeco
718 954 834 1030 latine
848 953 980 1040 vertit,
1009 953 1194 1042 dedicatio
1210 953 1259 1031 ad
1276 953 1473 1032 Nicolaum
1524 955 1655 1030 .Pont.
1670 955 1775 1029 lVlax.

159 1071 243 1146 quae
291 1051 390 1125 nitur
409 1049 490 1125 solii
515 1051 617 1132 tertii
638 1053 774 1148 pagina
795 1053 933 1148 prima,
958 1051 1058 1126 linea
1080 1053 1234 1138 decima.
1284 1052 1411 1128 Nostri
1421 1051 1644 1148 exemplaris
1659 1051 1775 1128 rubri·

6 1211 7 1216 .
161 1162 284 1232 cator,
310 1148 409 1223 haud
428 1148 539 1246 longe
558 1150 607 1225 ab
627 1148 781 1247 impressi
802 1151 885 1224 libri
907 1151 1048 1246 epocha
1072 1169 1237 1226 remotus
1260 1150 1496 1250 posteriorem
1517 1151 1610 1225 hanc
1630 1150 1776 1225 dedica·

160 1247 321 1332 tionem,
346 1245 384 1323 dr
404 1244 475 1321 hoc
497 1244 572 1342 ipso
596 1235 750 1323 latinam
771 1247 855 1324 libri
880 1271 929 1324 ex
951 1269 1075 1342 graeco
1096 1247 1299 1324 verfionem
1321 1248 1450 1326 tribuit
1474 1247 1637 1342 Georgio
1660 1245 1777 1322 Tiser·

162 1342 247 1430 nio,
273 1341 350 1430 seu,
386 1356 429 1417 ut
450 1344 584 1422 rectius
606 1344 791 1432 scribitur,
836 1347 1019 1440 Gregorio
1041 1346 1277 1441 Tiphernati‚
1321 1367 1526 1441 graecarum
1547 1345 1775 1429 litterarum,

162 1463 253 1538 quas
275 1441 484 1518 allanuele
506 1441 729 1538 Chrysalora
746 1444 895 1529 didicit,
923 1442 1124 1524 &Parisiis
1140 1443 1315 1539 professus
1339 1441 1410 1529 est,
1433 1440 1654 1540 peritiffino.
1703 1441 1778 1516 Re-

162 1539 265 1616 itene
288 1562 336 1616 an
360 1537 525 1630 secusid
548 1539 683 1618 sasima
705 1539 766 1633 sit,
799 1541 919 1632 ¹nolim
942 1538 1117 1636 judicare.
1193 1541 1236 1616 ld
1260 1553 1403 1616 certum
1424 1539 1495 1626 esi,
1534 1537 1778 1617 dedicationis

162 1637 264 1714 istius
286 1635 488 1724 audiorem,
528 1641 771 1738 eumdemque
795 1639 878 1713 libri
899 1638 1140 1734 interpretem
1166 1663 1242 1714 non
1264 1639 1333 1714 ell'a
1354 1635 1589 1740 Cardinalem
1618 1634 1780 1712 Francis·

164 1757 250 1810 cum
274 1735 319 1810 de
336 1735 620 1825 Picolomineis‚
646 1751 688 1813 ut
718 1739 868 1836 quidem
892 1736 932 1811 P.
950 1737 1058 1813 Laire
1084 1737 1125 1812 P.
1135 1733 1359 1823 'Audifreda
1387 1735 1443 1812 Cl.
1469 1737 1516 1812 de
1539 1735 1656 1820 Bure,
1681 1734 1779 1809 Har·

164 1833 276 1920 wood
296 1832 365 1921 loc.
381 1833 445 1908 cit.
472 1834 510 1910 δι
535 1847 623 1910 ante
645 1859 710 1910 eos
732 1836 910 1935 Jdcherus
935 1841 970 1909 so
994 1835 1128 1932 prlrsprt.
1149 1834 1314 1909 Lexicon
1333 1833 1502 1913 arbitrati
1526 1831 1616 1907 sunt.
1681 1830 1780 1906 Nam

164 1953 233 2006 nec
257 1929 395 2041 ipsein
422 1932 653 2043 dedicatione
676 1933 725 2006 ad
748 1931 1046 2042 Maximilianum
1071 1933 1166 2006 lrunc
1195 1930 1258 2007 srbi
1289 1929 1458 2007 adscribit
1472 1929 1667 2042 mliorem,
1708 1949 1779 2032 nec
1839 1991 1843 2000 .

165 2027 270 2202 tra
287 2026 408 2220 iba
425 2041 581 2199 tarra
602 2027 757 2204 lab
780 2027 1292 2203 inanescere.
1312 2028 1564 2222 irretiti?
1587 2047 1781 2221 arb?
1886 2125 1887 2146 ψ

167 2224 254 2299 siem
286 2217 383 2296 anno
412 2221 630 2314 ‚Franciscus
661 2224 707 2299 de
740 2221 1002 2298 Picolomineis
1032 2224 1097 2297 vix
1121 2246 1258 2299 annum
1281 2223 1406 2300 aetatis
1429 2223 1613 2297 decimum
1636 2220 1780 2296 sextum
1886 2233 1887 2262 l

167 2332 362 2416 exegerat,
387 2332 538 2416 utpote,
565 2319 629 2432 qui
653 2325 770 2398 annos
800 2331 909 2396 natus
933 2319 1120 2417 sexaginta
1143 2335 1300 2417 quatuor
1316 2322 1457 2416 'vivere‘
1472 2317 1579 2432 desiit
1599 2317 1682 2394 XV.
1700 2317 1781 2394 Kal.
1886 2329 1887 2398 l

166 2417 601 2607 dissaisiri?
616 2417 797 2594 {tasas
811 2413 1786 2592 iilsaillisllrsliltuiiiffiiosllsii

170 2637 254 2710 pres
276 2614 314 2686 in
332 2613 563 2689 dedicatione
583 2613 632 2689 ad
649 2612 844 2695 Nicolaum
859 2611 904 2687 V.
930 2611 1103 2688 sevirum
1123 2613 1300 2688 monstrat
1323 2627 1435 2702 aetate
1457 2623 1662 2697 maturum,
1688 2611 1785 2684 mul·
1886 2619 1887 2632 ¹

170 2727 211 2794 ta
234 2709 386 2787 ledione
407 2709 615 2798 excultum,
630 2733 838 2806 ,rerumque
855 2712 1083 2806 experientia
1105 2710 1316 2805 pollentem.
1378 2710 1459 2785 Has
1483 2731 1573 2786 vero
1596 2708 1705 2784 dotes
1727 2705 1786 2804 ju·

172 2810 261 2884 veni
288 2805 445 2890 sedecim
466 2830 647 2886 annontm
665 2831 775 2886 nemo
798 2807 906 2883 sacile
929 2808 1150 2898 attribuerit.
1187 2893 1190 2900 ¹

256 2998 551 3096 ,Dedicationem
579 3003 792 3102 interpretis
818 3001 866 3079 ad
891 3001 1087 3080 Nicolaum
1101 3001 1147 3084 V.
1171 3003 1279 3098 Pont.
1310 2998 1412 3080 Max.
1438 3002 1479 3080 in
1504 3001 1634 3079 eadem
1652 2999 1790 3096 pagina

174 3099 274 3177 tertii
295 3097 374 3174 solii
395 3102 534 3200 excipit
554 3101 628 3199 ipsa
649 3103 781 3178 Dionis
806 3103 925 3178 oratio
946 3100 1006 3178 seu
1027 3100 1051 3176 fi
1075 3101 1214 3188 mavis,
1239 3102 1331 3178 liber
1350 3102 1396 3176 de
1418 3125 1543 3198 regno.
1593 3099 1704 3174 Hunc
1720 3123 1788 3171 no·
1886 3105 1887 3164 l

173 3198 235 3274 siri
254 3195 475 3293 exemplaris
498 3201 704 3279 rubricator
723 3200 766 3276 in
788 3213 931 3298 partes,
960 3222 1052 3296 quos
1072 3200 1186 3275 libros
1202 3211 1332 3287 vocat,
1384 3213 1517 3274 uatuor
1532 3195 1671 3282 divisit,
1697 3218 1789 3292 quo·
1886 3285 1887 3302 χ

175 3319 259 3372 rum
289 3291 448 3390 singulos
476 3298 597 3377 titulis
624 3295 811 3394 insignivit
842 3297 877 3374 se
904 3311 1052 3372 uentem
1077 3298 1116 3373 in
1146 3297 1317 3386 modum:
1381 3299 1466 3372 ionis
1492 3293 1677 3392 prosumsts
1698 3290 1790 3367 'iiber

170 3395 302 3495 primus
315 3433 332 3449 ·
343 3389 509 3566 (eccardus
522 3437 540 3453 ·
554 3399 845 3495 rarius-quarens
914 3393 1051 3470 ultimus
1064 3391 1105 3469 de
1118 3418 1223 3492 regno
1229 3393 1379 3488 feliciter
1393 3397 1519 3490 incipit.
1568 3392 1669 3466 ldem
1678 3390 1788 3501 libris
1886 3465 1887 3482 p

177 3489 327 3586 lingulis
358 3492 486 3568 itteras
509 3493 669 3572 initiales
685 3495 865 3594 adpinxit.
914 3495 1011 3570 Cum
1029 3492 1107 3579 his,
1135 3505 1216 3566 turn
1230 3489 1313 3589 ipsrs
1330 3492 1449 3567 titulis
1465 3487 1709 3567 adscribendrs
1727 3500 1793 3584 ty-
1886 3521 1887 3580 l

178 3589 388 3688 pograplrus
411 3589 742 3687 spatiumvacuum
756 3589 914 3690 reliquit.
964 3590 1072 3668 Vnde
1089 3589 1275 3684 colligitur
1293 3591 1338 3666 ab
1360 3588 1435 3686 ipso
1458 3589 1617 3673 editore,
1644 3584 1705 3658 vel
1729 3584 1791 3661 in·
1886 3671 1887 3676 p

180 3699 340 3782 terprete
359 3686 494 3764 librum
513 3690 611 3768 hunc
630 3690 732 3768 suisse
749 3692 789 3766 in
810 3702 968 3787 quatuor
989 3703 1113 3787 partes
1137 3685 1303 3762 divisum.
1351 3687 1394 3763 ln
1415 3687 1487 3764 fine
1509 3685 1591 3760 libri
1614 3682 1715 3758 nulla
1737 3683 1794 3758 le·
1886 3755 1887 3758 .

181 3785 280 3954 gitlur
301 3782 391 3955 spei,
417 3789 658 3901 typographi,
702 3788 788 3960 aprni
812 3787 958 3958 ”Nitida
1030 3781 1210 3958 Attamen}
1232 3786 1334 3958 typits
1363 3785 1689 3957 ffimmistansrgpis
1686 3785 1793 3952 1333.

182 3905 317 4056 lars
337 3893 610 4060 tribisa
626 3905 1302 4095 sisiniifeiiuffiiiliillil
1320 3903 1580 4091 inaltet?
1593 3959 1686 4060 rna,
1713 3921 1795 4070 qni

184 4080 253 4155 bus
278 4101 375 4154 anno
412 4085 516 4176 14⁶9·
545 4079 634 4156 Auli
654 4079 765 4156 Gellii
791 4079 914 4154 nostes
945 4093 1092 4166 atticae,
1126 4077 1290 4156 &Lucu
1312 4074 1461 4173 Apulerr
1485 4097 1597 4172 opera
1619 4074 1750 4161 Romae
1772 4101 1795 4152 e

184 4174 431 4276 typographia
457 4177 772 4264 Schweinhemii,
789 4191 827 4253 et
847 4177 1016 4253 Panarzii
1038 4176 1265 4272 prodierunt.
1328 4176 1449 4264 Quare
1470 4173 1529 4247 his
1555 4169 1703 4268 quidem
1729 4173 1796 4248 ad·

185 4274 371 4350 scribenda
390 4276 630 4372 typographis
652 4274 752 4351 haud
767 4275 924 4351 uidetur
945 4275 1025 4350 haec
1050 4274 1175 4350 editio.
1227 4270 1386 4348 Accedit
1407 4271 1507 4367 quod
1527 4271 1652 4346 littera
1669 4267 1738 4382 Jod
1754 4273 1795 4350 in

186 4373 306 4448 Dione
328 4373 450 4448 ubivis
476 4373 647 4472 punitum
669 4373 802 4449 habeat
818 4371 881 4448 fibi
907 4369 1133 4468 impositum,
1157 4395 1230 4466 quo
1253 4384 1355 4446 caret
1376 4370 1506 4444 eadem
1529 4369 1569 4442 in
1589 4365 1728 4452 Gellio,
1755 4372 1796 4448 ὅς

190 4471 359 4570 Apuleio.
432 4471 607 4548 Ceterum
638 4471 781 4558 desunt,
823 4483 958 4565 praeter
991 4470 1134 4544 litteras
1164 4467 1385 4564 singulorum
1410 4465 1587 4542 librorum
1611 4465 1792 4560 initiales,

180 4574 302 4652 ,ctiam
322 4567 534 4669 signatura,
558 4569 986 4670 custodes,paginarum
1011 4567 1164 4654 numeri.
1241 4566 1408 4663 Papyrus
1428 4563 1642 4642 firmitatem
1665 4585 1796 4660 perga.

1646 4666 1747 4741 meni
1886 4669 1887 4684 ¹
