3790 5030
176 243 266 316 nu
823 190 1146 314 ἐξ

183 421 367 516 Pogon.
386 401 591 486 LXXXIX.
617 399 719 499 Opus
741 399 930 509 hoctypis
952 397 1095 495 prorius
1129 397 1264 474 iisdem
1299 347 1506 497 imprellum
1538 398 1609 486 eli,
1642 399 1774 496 quibus,
1856 437 1858 492 ς

383 527 505 608 Glolla
527 524 736 604 Salomonis
757 523 854 602 infra
871 545 954 620 pag.
974 533 1051 616 183.
1079 515 1480 616 N.XCVl.}recenl1ta.

185 753 366 849 Pag.180.
382 739 477 817 XCI.
509 737 768 814 Lachmannus
797 730 837 808 in
869 725 1077 808 Annalibus
1114 725 1348 844 Iypograph.
1380 748 1462 825 pag.
1503 749 1581 829 ¹⁰7·
1610 727 1774 804 excitavit
1845 723 1859 805 l

379 863 567 962 exemplar
589 859 698 958 hujus
719 859 914 944 editionis,
944 852 1135 953 quodiam
1158 876 1255 929 anno
1278 875 1370 951 1472
1394 865 1560 950 emptum
1580 853 1709 932 haeret.

187 1086 276 1182 Pag.
290 1053 368 1177 183.
382 1070 487 1152 XCV
487 1073 513 1150 1.
536 1072 662 1171 Typos
683 1069 752 1148 elie
770 1067 940 1156 eosdem,
966 1068 1029 1165 qui
1044 1063 1166 1164 operis
1183 1083 1264 1160 pag.
1284 1077 1362 1163 178.
1379 1061 1425 1137 N.
1444 1059 1646 1139 LXXXIX.
1669 1083 1780 1136 recen·

385 1195 458 1282 siti,
482 1192 592 1294 paulo
613 1205 700 1268 ante
720 1190 858 1266 monui.
937 1187 1101 1263 Initiales
1123 1206 1213 1262 vero
1240 1185 1358 1259 literae
1382 1203 1527 1276 magnae
1549 1183 1650 1280 ligno
1676 1179 1784 1257 incilae

383 1316 522 1414 pariter
545 1313 686 1389 eaedem
715 1308 812 1396 lunt,
852 1327 935 1403 quae
964 1315 1162 1382 occurrunt
1189 1301 1404 1386 insSumma
1427 1299 1605 1379 Hostienfi
1628 1323 1651 1376 a
1674 1301 1785 1378 Ludo·
1860 1313 1861 1366 3

382 1442 467 1520 vico
489 1437 736 1532 Hohenwang
758 1457 855 1508 anno
881 1455 998 1532 1777,
1033 1425 1107 1506 fine
1127 1441 1216 1504 nota
1237 1426 1308 1522 loci
1319 1483 1335 1518 ,,
1357 1415 1543 1526 Imprella,
1573 1427 1612 1507 dt
1634 1428 1684 1504 ad
1709 1427 1743 1500 h.
1758 1447 1784 1497 a.
1860 1445 1861 1450 ¹

381 1565 429 1644 N.
444 1561 579 1640 XXVI.
593 1567 627 1637 'a
649 1583 709 1636 me
727 1549 911 1636 recenfita.
964 1555 1139 1630 Ceterum
1160 1552 1348 1648 exemplar
1370 1551 1480 1651 hujus
1503 1554 1680 1631 editionis
1695 1547 1787 1628 Glos-

215 1770 219 1779 ,
383 1693 430 1772 sae
450 1690 680 1776 Salomonis,
703 1685 803 1784 quod
828 1681 944 1759 exstat
963 1681 1002 1758 in
1019 1681 1249 1760 Bibliotheca
1268 1683 1382 1760 Cann.
1403 1682 1526 1798 Regg.
1547 1683 1589 1760 iu
1613 1676 1786 1761 Rebdorf,
1861 1673 1862 1684 ’

352 1811 653 1908 ,ΟοΙΙεςίοὴυὶε
677 1809 752 1906 jam
776 1829 872 1881 anno
898 1807 988 1904 1476
1013 1804 1110 1879 dono
1134 1804 1262 1879 datum
1284 1801 1345 1880 est.
1416 1801 1523 1880 Conf.
1551 1805 1785 1880 Monumenta
1862 1905 1863 1910 .

383 1933 682 2034 Typographica.
709 1952 792 2028 quae
812 1929 955 2007 exstant
974 1929 1013 2004 in
1032 1929 1263 2022 Bibliotheca
1286 1927 1401 2006 Canu.
1424 1929 1542 2027 Regg.
1563 1923 1784 2020 inRebdorl.

215 2119 218 2128 .
382 2053 802 2153 Eustadii1787.in4
832 2073 914 2148 pag.
940 2055 995 2128 16.

185 2277 275 2375 Pag.
288 2275 366 2360 186.
386 2267 433 2344 N.
449 2263 614 2343 XCVIII.
641 2263 763 2362 Hujus
782 2263 956 2340 editionis
971 2259 1168 2358 ‚exemplar
1183 2259 1299 2338 exstat
1319 2261 1357 2340 in
1371 2261 1603 2338 Bibliotheca
1622 2259 1788 2357 Imperia·

382 2391 429 2468 lis
442 2389 608 2467 Coenobii
622 2389 670 2464 ad
689 2387 757 2465 SS.
774 2386 899 2464 Udalr.
920 2387 959 2465 δι
984 2381 1062 2460 Afr.
1085 2379 1270 2480 Augustae.
1322 2387 1437 2464 Porro
1461 2383 1632 2462 adfirmat
1653 2381 1787 2459 Biblio-

387 2515 507 2589 thecae
544 2508 654 2610 hujus
685 2508 853 2585 Coenobii
872 2505 1069 2584 Praefeuns
1104 2504 1144 2580 P.
1169 2505 1340 2582 Placidus
1368 2509 1495 2584 Braun
1524 2505 1651 2584 literas
1686 2499 1790 2598 hujus

382 2633 557 2712 editionis
586 2629 734 2706 easdem
768 2633 855 2722 elle,
892 2633 1023 2730 quibus
1049 2630 1215 2726 improlia
1239 2631 1356 2709 Pisani
1381 2633 1535 2710 Summa
1560 2626 1789 2724 Reutlingae.‚

378 2747 459 2844 sine
479 2748 702 2858 typographi
723 2756 889 2840 omnine.
920 2753 1058 2850 prodiit
1078 2773 1175 2829 anno
1203 2767 1307 2850 1482:

138 3019 141 3028 ’
185 3027 340 3140 'Atque
362 3021 452 3112 haec
477 3020 650 3137 quidem
672 3019 803 3110 habui
820 3022 1016 3114 addenda
1042 3027 1096 3114 ad
1113 3019 1151 3114 F
1155 3021 1384 3114 asciculum
1411 3021 1620 3130 Primum,
1651 3043 1791 3136 eaque

186 3161 281 3252 fere
307 3165 453 3252 omnia
480 3167 552 3253 vel
579 3165 721 3254 hausta
744 3189 796 3253 ex
815 3167 960 3273 libris,
992 3194 1172 3284 quorum
1198 3192 1313 3256 nunc
1336 3168 1519 3282 primum
1536 3169 1668 3283 plena
1685 3161 1791 3252 mihi

186 3305 316 3419 copia
344 3301 460 3394 facia
488 3306 568 3414 eli,
604 3309 679 3396 vel
702 3307 1022 3437 communicata
1046 3291 1099 3399 ab
1127 3309 1294 3399 amicis.
1357 3310 1530 3400 Addam
1558 3334 1699 3426 pauca
1740 3307 1792 3394 de

185 3449 311 3560 hujus
333 3450 480 3566 operis
506 3448 687 3558 Titulo,
720 3448 987 3546 Incunabula
1026 3451 1380 3576 Tanagrophicm
1421 3481 1549 3572 quem
1591 3457 1790 3572 quidem,

183 3600 368 3714 primum
392 3591 663 3684 Fasciculum
688 3623 784 3688 cum
812 3602 1010 3709 ederem,
1044 3604 1096 3691 ab
1126 3603 1245 3691 omni
1271 3595 1444 3691 censura
1468 3600 1702 3688 immunem
1728 3593 1791 3684 iu·

183 3759 324 3827 tumm
345 3733 705 3848 existimaveram,
752 3743 856 3858 quin
886 3747 940 3834 de
966 3743 1139 3834 censura
1167 3746 1210 3830 in
1239 3745 1424 3832 eundem
1460 3766 1516 3844 ne
1561 3738 1788 3856 cogitave-

181 3899 271 3962 ram
297 3867 510 3986 qoidem.
549 3869 614 3960 At
638 3871 800 3964 censor
824 3869 1015 3990 Jenen'fis
1034 3881 1117 3990 (iu
1142 3877 1218 3972 beo
1239 3879 1530 4005 odntmeltea
1542 3875 1788 3977 iitecotou

181 4013 406 4147 Scimus.)
434 4011 476 4102 F
479 4007 650 4102 asciculi
673 4013 710 4104 I.
739 4018 814 4132 qui
837 4026 1092 4138 ceteroquin
1118 4047 1216 4110 cum
1243 4021 1338 4108 aliis
1365 4015 1625 4150 censoribus
1655 4018 1700 4108 a
1726 4017 1789 4138 ip·

181 4155 270 4249 sum
303 4171 437 4272 opus,
467 4155 511 4244 lle
540 4156 685 4270 operis
709 4157 930 4251 audiorem
957 4163 1171 4250 encomiis
1198 4163 1328 4274 longe
1361 4157 1622 4270 majoribus,
1655 4185 1788 4277 quam

180 4293 348 4410 sperare
372 4289 732 4409 presumpseram
760 4294 990 4422 madunt,
1022 4298 1148 4386 initio
1165 4297 1313 4384 'liatim
1330 4291 1688 4385 recenfiouissuae
1712 4301 1786 4386 ad·

179 4439 339 4550 firmat,
368 4441 527 4547 libros,
565 4437 638 4556 qui
654 4439 698 4530 iu
721 4439 824 4531 artis
840 4444 1165 4586 typographica
1179 4440 1450 4536 incunabulis
1472 4425 1662 4558 imprelh
1674 4439 1785 4548 lunt,

1607 4607 1730 4700 inei·
