3788 5034
171 249 227 372 3⁶
813 227 1137 358 ψ

167 443 291 521 nostro
310 440 524 540 exemplari.
592 443 832 526 Semonibus
852 439 1001 538 lingulis
1018 443 1205 550 praelixas
1223 441 1276 522 est
1301 453 1429 523 textus
1449 437 1636 546 scriptore
1653 439 1782 530 sama,

168 543 232 641 qui
253 542 428 617 sermonis
452 543 578 621 thema
604 543 811 629 constituit,
837 540 1073 637 capitalibus·
1088 541 1224 619 litteris
1260 541 1462 640 imptellus.
1533 542 1781 620 Continentur

168 639 300 728 iubae
326 640 489 717 editione
512 641 711 718 universim
735 641 919 718 sermones
942 639 1185 750 quadraginta
1204 639 1297 728 duo,
1324 661 1482 737 quarum
1502 661 1527 740 q
1554 640 1562 658 '
1616 663 1664 717 ue
1685 639 1785 738 prio·

171 759 234 814 res
259 735 339 812 sunt
375 731 627 838 1)dejejunio
664 765 686 816 2
723 737 859 815 deiide
898 731 942 835 3)
959 735 1196 824 decantate,
1236 734 1288 911 ἲ)
1299 739 1346 813 de
1363 737 1435 850 spe·
1459 661 1617 838 9:1²le
1650 738 1659 755 ‘
1689 739 1785 813 'one

64 877 66 883 ·
168 833 312 931 Pagina
331 837 475 932 quaevis
497 838 652 934 triginta
709 861 735 911 x
758 835 876 912 lineas
903 832 1166 930 complebitur.
1274 837 1397 912 itterae
1426 835 1588 912 initiales
1612 847 1787 912 textuum

169 931 419 1022 Biblieorum,
443 936 514 1048 qui·
528 933 736 1014 charastete
757 929 916 1029 capitali·
930 929 1155 1007 sermonibus
1171 931 1314 1030 ptaelixi
1333 933 1432 1020 liunt,
1459 933 1647 1019 custodes,
1769 969 1788 990 ·

62 1089 67 1099 .
166 1041 283 1116 turae,
311 1027 591 1128 &paginarum
613 1031 778 1118 numeri,
804 1051 848 1104 ae
870 1027 971 1104 tituli
995 1025 1133 1104 desunt.
1196 1029 1501 1128 loterpunliionis
1519 1029 1660 1128 signum
1719 1027 1785 1104 'ud

168 1151 245 1204 non
271 1124 480 1216 observavi,
505 1151 617 1226 quam
643 1128 826 1228 punitum.
874 1125 983 1215 Quod
1006 1125 1122 1222 ipsum
1144 1127 1242 1203 deest
1270 1127 1317 1204 sae
1342 1126 1465 1206 illrme.
1514 1127 1647 1204 Nullus
1668 1127 1787 1204 etiam

168 1223 396 1302 sermonibus
415 1224 565 1325 singulis
588 1227 726 1304 titulus
739 1223 790 1303 est
812 1223 1000 1325 praelixas.
1051 1223 1155 1299 Folia
1178 1225 1296 1322 impre
1322 1225 1553 1302 enumeravi
1577 1239 1657 1322 198.
1708 1223 1787 1302 Sed

167 1346 246 1400 non
268 1321 377 1400 initio
404 1337 571 1414 tantum,
608 1325 669 1401 sed
694 1324 808 1400 etiam
837 1323 877 1398 in
900 1322 1181 1409 mediossunum,
1222 1324 1426 1399 alterumve
1446 1322 1580 1398 solium
1598 1322 1638 1398 in
1662 1320 1788 1398 nostro

170 1418 322 1518 quidem
348 1423 551 1519 exemplari
583 1419 817 1498 desideratur.
880 1418 989 1495 Circa
1018 1418 1129 1497 finem
1152 1419 1289 1498 aversae
1340 1421 1461 1517 aginae
1486 1419 1568 1496 solii
1636 1416 1787 1496 nultimi

169 1517 263 1592 niltil
290 1517 391 1636 aliud
412 1519 568 1636 legitur,
607 1541 717 1694 apuam
739 1518 815 1634 Dfo
829 1518 982 1633 'gradun
1008 1516 1048 1593 dr
1076 1531 1165 1592 nota
1187 1518 1274 1594 anni
1300 1443 1356 1594 11ῖ
1384 1515 1580 1594 cccci
1659 1515 1690 1593 ῖ.
1740 1516 1787 1594 In

168 1613 1787 1827 aararaturae..abiuratatemperaturam

169 1809 258 1887 bam
275 1815 419 1890 omnia:
450 1813 501 1891 Vt
511 1814 655 1910 facilius
671 1825 789 1913 pateat
811 1812 951 1888 inauruli
970 1812 1044 1908 quic
1066 1809 1144 1886 din
1154 1808 1243 1909 serre
1263 1809 1361 1886 huius
1379 1806 1458 1886 libra
1475 1809 1645 1886 cautmffi.
1664 1834 1787 1910 paucas

169 1909 224 1990 iis
247 1911 475 1992 declarabitur
499 1917 618 1994 uerbis.
684 1917 728 1992 Iu
745 1919 865 2016 primis
882 1913 1010 1992 XLII.
1049 1917 1250 1993 ermemiri
1264 1917 1305 2014 se
1324 1917 1468 1992 cananea
1491 1915 1526 1990 iu
1547 1919 1654 2014 queri
1677 1916 1788 1990 inira-

165 2008 318 2086 aaaron
331 2016 380 2089 ita
436 2013 550 2090 acedia.
603 2013 759 2116 erabrar
772 2011 909 2112 infamis
923 2009 1062 2090 adducit
1082 2013 1187 2120 leges,
1205 2013 1257 2114 sc.
1278 2015 1428 2090 uat’alrm
1440 2003 1598 2090 diuialem
1616 2011 1788 2112 apphaim

166 2119 202 2184 et
221 2105 326 2188 latiali.
397 2138 420 2186 u
432 2137 514 2210 pma
528 2114 626 2210 pouit
644 2121 741 2186 uiues
760 2111 868 2210 ‘pium
898 2110 1038 2188 variates.
1079 2112 1182 2222 pietat
1217 2111 1427 2192 auderitates
1451 2110 1604 2212 parrum.
1641 2123 1790 2209 quatuor

169 2213 380 2310 uudaritairr
394 2225 579 2314 poetarum.
617 2225 650 2289 et
676 2207 951 2318 inafexeupla
972 2221 1156 2318 gentilium.
1220 2217 1265 2296 Ia
1275 2220 1372 2320 scda'
1387 2207 1604 2339 pouitjiuar
1630 2218 1786 2334 eampse

161 2312 235 2414 stur
256 2310 405 2386 notanda
424 2311 499 2387 anti
587 2317 603 2332 ’
619 2323 756 2410 patrum
782 2319 902 2392 uetuit
925 2321 1113 2418 leslammti.
1171 2313 1216 2393 Ia
1241 2321 1341 2394 teriia
1365 2321 1464 2416 pouit
1477 2332 1586 2432 ,pauor
1604 2315 1787 2393 audoua-

168 2421 219 2484 res
245 2405 435 2508 apphiarum
467 2407 487 2526 (
544 2407 787 2512 ohetarum)
828 2411 872 2488 Iu
908 2419 986 2512 itta
1006 2418 1104 2515 pouit
1129 2426 1271 2516 quaesunt
1290 2427 1389 2493 adura
1415 2419 1500 2492 iuras
1534 2415 1655 2492 ciuilis.
1703 2414 1784 2531 Iflir
1887 2445 1888 2489 r

164 2506 312 2608 'explerit
335 2509 370 2581 iu
389 2503 533 2605 qualebet
568 2531 696 2582 amour
717 2503 819 2606 'q'tum
840 2510 929 2586 alias
943 2512 1031 2612 leges
1040 2514 1189 2614 pouitfi
1214 2513 1407 2614 euangelica
1431 2515 1577 2598 uastam.
1609 2521 1785 2598 cauaurcri,

169 2624 202 2688 et
226 2611 419 2714 eccliaslicti.
478 2611 521 2686 In
548 2607 631 2711 Fauo
648 2616 747 2711 pauit
776 2628 919 2712 quatuor
947 2617 1159 2695 audebam
1181 2614 1290 2722 diunt
1318 2606 1567 2720 euangelistae.
1627 2615 1671 2692 Iu
1681 2614 1784 2715 scda’

170 2720 315 2808 quattuor
352 2707 561 2784 auderitaret
595 2708 789 2826 apostolatti.
839 2711 884 2790 Iu
906 2717 1006 2790 tertia
1027 2717 1131 2816 'qum
1151 2716 1275 2793 radies
1301 2720 1352 2814 ἧς
1422 2713 1500 2792 abar
1523 2739 1568 2791 ex
1589 2715 1661 2790 iure
1680 2739 1787 2790 caua

167 2809 255 2884 bico.
306 2804 351 2880 Iu
370 2794 457 2882 uitia
482 2831 558 2900 pera
576 2819 673 2905 paura
753 2834 792 2886 ar
813 2808 1024 2889 audoritates
1044 2819 1143 2914 pluat
1162 2811 1296 2890 uouere
1319 2839 1372 2890 ecc
1385 2813 1416 2887 ie
1439 2811 1593 2890 uidelicet
1618 2807 1785 2912 Gregorii
1886 2833 1887 2838 ’

171 2899 345 3006 Ambroſsi
365 2901 526 2981 leronimi
540 2915 573 2981 et
585 2819 778 3008 Auguffidri.
824 2908 876 2986 Et
897 2910 957 3012 ista
978 2915 1020 3014 esi
1037 2912 1156 3013 fhvma
1169 2910 1361 3011 samonum
1384 2910 1420 2986 iu
1440 2909 1502 2988 iaec
1519 2908 1684 2988 uolumine
1701 2935 1785 2986 coar·

169 3012 344 3082 mmm.
380 3000 532 3104 Quowm
551 3004 683 3099 primur
707 3005 759 3104 est.
833 3005 1009 3104 Sequitur
1033 3019 1165 3106 nempe
1184 3009 1299 3086 index
1318 3007 1543 3106 singulorum
1561 3007 1784 3090 sermonum.

169 3101 227 3182 De
248 3100 412 3188 auiiore,
436 3099 518 3177 loco
534 3099 791 3198 unpreffionis,
816 3100 1101 3205 &typographo
1117 3105 1360 3194 nibilhabeo,
1386 3108 1485 3203 quod
1506 3108 1639 3182 dicam.
1682 3107 1786 3196 Quin

169 3223 217 3276 ne
242 3199 365 3298 operis
386 3198 536 3296 quidem
556 3196 686 3295 hujus,
711 3223 758 3274 ne
776 3199 897 3275 dicam
920 3204 1115 3294 editionis,
1141 3204 1370 3284 mentionem
1385 3207 1505 3310 reperi
1526 3205 1624 3306 apud
1639 3203 1785 3282 Biblio·

168 3299 350 3396 graphas,
374 3295 439 3394 qui
463 3296 556 3374 tailu
576 3294 658 3374 sunt
678 3316 756 3396 prae
779 3299 961 3378 manibus.
1350 3309 1352 3318 ⁴
1768 3339 1772 3348 ·

163 3621 172 3630 „
740 3535 961 3628 ANNO
1023 3560 1137 3652 147
1159 3567 1204 3636 a.

169 3681 207 3778 1.
238 3679 371 3775 Lucii
402 3678 520 3796 Juaii
544 3681 773 3776 Moderati
804 3689 1062 3776 Columella
1098 3687 1197 3777 libri
1228 3685 1356 3778 Xlll.
1406 3688 1565 3779 Rerum
1589 3685 1784 3778 Rustice-

275 3824 398 3890 rnm·
419 3794 602 3888 Palladii
618 3799 769 3887 Rutilii
786 3799 923 3888 Tauri
940 3799 1163 3891 AEmiliani
1180 3809 1236 3892 de
1262 3803 1328 3891 Re
1348 3803 1519 3893 Rustica
1533 3803 1634 3894 libri
1649 3801 1782 3893 XllI.
1883 3887 1884 3890 .

283 3907 431 4003 Marci
452 3910 635 4002 Cannis
660 3915 713 4000 rle
743 3913 808 4002 Re
823 3912 995 4004 Ruliica
1021 3915 1132 4004 liber
1149 3973 1196 3988 -
1222 3915 1368 4006 Marci
1390 3917 1596 4008 Terentii
1616 3915 1785 4010 Varro·

279 4024 349 4114 nis
373 4023 534 4114 Rerum
552 4025 815 4116 Rusticarum
840 4029 940 4118 libri
963 4028 1052 4120 111.
1101 4027 1302 4124 venetiis
1325 4059 1404 4151 per
1421 4029 1657 4126 Nicolaum
1676 4024 1782 4146 Jen-

273 4134 352 4234 son
381 4163 495 4228 anno
527 4167 652 4256 1472.
676 4140 722 4230 in
747 4139 854 4240 Fal,

264 4334 472 4438 Jueundum
492 4334 650 4434 praesens
670 4335 784 4413 editio
807 4335 924 4412 ortulis
945 4334 1184 4436 speetaeulun
1209 4337 1380 4428 exhibet,
1415 4339 1478 4418 seu
1508 4339 1647 4418 chartae
1665 4301 1778 4428 nitor,
1882 4293 1883 4322 1

168 4433 227 4508 leu
250 4443 444 4530 typorum,
471 4435 534 4530 qui
560 4435 709 4510 rotundi
734 4433 833 4520 sunt,
859 4435 1043 4529 elegantia
1060 4436 1245 4534 speiietut.
1293 4437 1412 4514 Nostri
1428 4436 1649 4536 exernplaris
1663 4437 1779 4535 splen·

164 4531 294 4608 dorem
318 4544 466 4628 augent.
479 4531 616 4612 litterae
636 4531 799 4609 initiales
825 4531 1083 4630 elegantiffime
1109 4533 1237 4633 pistae,
1275 4533 1315 4614 dr
1336 4535 1533 4613 deauratae.
1610 4535 1779 4616 Pretium

1606 4633 1729 4730 operis
1881 4651 1882 4689 l
