3794 5028
180 287 270 397 1'86'
833 279 1156 406 ss
991 389 999 404 ,

178 487 242 565 eli.
293 477 604 600 Pagina'quaevis
633 486 788 587 triginta
814 485 876 565 sex
894 488 1013 566 lineas
1034 471 1221 588 impressas
1243 485 1429 579 continet,
1446 471 1528 568 ‘non
1554 469 1803 568 adnumerata

180 585 357 660 librorum
380 581 614 695 inscriptione
640 585 679 662 in
702 585 877 684 superiori
898 607 985 690 ,mar
1013 588 1072 662 'ne
1097 583 1262 684 cujusvis
1290 587 1447 701 paginae.
1499 585 1683 664 Volumen
1702 589 1803 664 lute-

141 697 146 704 ’
181 703 293 778 grum
326 679 426 754 folus
456 680 596 756 constat
627 681 802 780 imprelsrs
828 703 910 780 253.
1022 682 1212 758 dcalcem
1270 705 1375 760 rrmae
1400 682 1546 781 paginae
1571 681 1651 760 folii
1676 681 1805 760 ultimi

183 779 265 854 haec
291 777 463 870 leguntur
489 777 675 875 impressa:
715 778 821 856 Liber
846 780 1046 876 earpqfitori⁹
1074 780 1175 854 totius
1204 707 1323 867 billio,
1346 804 1386 856 ac
1408 781 1519 854 nliorri
1542 805 1604 876 qne
1633 769 1649 858 l
1675 781 1812 878 ecclesa

184 876 362 990 fecltuuffl.
396 873 454 988 qui
481 875 709 952 mdmntrellus
729 877 893 991 appellnp’
905 875 1058 992 pliciter
1082 875 1233 990 explicit.
1311 876 1478 990 Eandem
1506 875 1806 990 subscriptionem

186 969 1338 1164 stralus&rllrtsrsslltlttsttlttrts
1359 996 1500 1146 tta
1521 973 1809 1166 ,sitast

187 1165 367 1264 durglsdrn
392 1164 677 1257 &enutriuntur
701 1169 902 1262 brfiublidpeu
929 1166 1088 1258 tonuere
1110 1189 1151 1242 rr.
1178 1188 1260 1262 pag.
1281 1192 1340 1264 34
1390 1167 1492 1242 Loco
1513 1190 1557 1238 ex
1578 1167 1714 1265 nfilnri⁹
1742 1167 1812 1239 ha·

190 1264 254 1339 bet
278 1279 402 1337 tamen
424 1263 647 1362 exposttioun.
693 1263 787 1339 ‘Sed
808 1265 955 1340 videtur
979 1265 1026 1338 de
1051 1261 1148 1338 sensu
1175 1264 1319 1360 potius,
1345 1285 1456 1360 quam
1482 1191 1594 1337 vergo
1612 1261 1813 1338 suisseffol·

188 1359 315 1436 licitus
348 1359 661 1456 quemadmodum
690 1361 790 1436 idem
812 1360 1086 1456 bibliographos
1113 1361 1151 1434 in
1176 1359 1598 1460 describendisaliorum
1622 1361 1738 1434 etiam
1769 1359 1816 1434 u.

190 1457 340 1534 brorum
369 1453 686 1550 subscriptionibus
709 1457 923 1570 plerumque
952 1456 1168 1532 modernam
1195 1456 1354 1552 sequitur
1377 1455 1698 1550 orthographiam,
1731 1481 1814 1532 nou

191 1551 411 1637 observatis,
438 1573 521 1648 quae
545 1553 585 1628 in
608 1554 769 1650 antiquis
792 1553 896 1629 librrs
922 1568 1139 1645 occurrunt,
1161 1553 1440 1629 abbreviaturis.
1506 1551 1690 1628 Convenit
1712 1574 1815 1649 prae·

191 1663 295 1728 terea
326 1648 515 1746 exemplar
550 1649 646 1726 acl.
676 1651 873 1728 Gemeiner
908 1649 979 1728 loc.
1002 1651 1065 1726 cit.
1104 1649 1323 1745 descriptum
1350 1674 1435 1724 cum
1453 1647 1578 1732 nostro
1605 1649 1817 1746 exemplari

192 1747 234 1822 in
266 1768 419 1823 numero
442 1745 635 1832 soliorum,
663 1745 701 1824 dr
727 1748 861 1824 ceteris
885 1747 985 1821 notis
1011 1747 1278 1822 charaltericis.
1329 1745 1466 1821 Desunt
1489 1767 1621 1840 nempe
1644 1745 1683 1820 iu
1705 1760 1817 1820 utro·

193 1865 265 1942 que
292 1841 494 1939 exemplari
517 1842 712 1932 Custodes,
740 1843 952 1939 ignaturae,
979 1843 1197 1939 paginarum
1219 1845 1381 1920 numeri:
1417 1843 1528 1918 habet
1551 1865 1639 1916 vero
1664 1855 1817 1918 utrum·

193 1949 266 2038 que
299 1939 550 2034 inscriptiones
582 1942 800 2036 paginarum
823 1943 862 2018 in
892 1940 1065 2036 superiori
1095 1941 1281 2035 margine,
1322 1951 1365 2014 ut
1398 1939 1507 2036 paulo
1544 1951 1630 2012 ante
1659 1939 1740 2016 dixi
1768 1940 1816 2016 de
1887 1979 1888 1998 π

193 2037 316 2114 nostro
340 2035 554 2132 exemplari.
576 2035 680 2113 ,vix
703 2037 833 2132 igitur,
860 2051 970 2134 puto,
998 2037 1239 2112 dubitandum
1265 2035 1352 2123 elle,
1381 2033 1655 2132 quinnosttum
1680 2049 1815 2115 exem·
1887 2057 1888 2114 s

222 2133 276 2210 lar
297 2133 464 2229 ejusdem
484 2127 527 2206 su
550 2132 724 2208 editionis
749 2159 832 2208 curn
855 2133 1057 2230 exemplari
1091 2156 1114 2207 a
1137 2133 1182 2210 cl.
1206 2135 1403 2216 Gemeiner
1426 2131 1614 2228 descripto.
1692 2133 1814 2208 Porro

195 2157 256 2308 liic
281 2231 469 2316 adfirmat,
508 2228 786 2308 celeberrImum
815 2231 1069 2307 Schwarzium
1096 2229 1192 2305 hanc
1221 2231 1421 2308 editionem
1450 2229 1614 2312 omniurn
1651 2230 1815 2324 primam

195 2326 378 2428 judicasse.
448 2323 523 2422 Ipse
546 2349 636 2402 vero
660 2327 783 2415 addit,
809 2327 965 2425 probatu
989 2325 1135 2402 difficile
1159 2327 1344 2412 sunrrurn,
1381 2325 1538 2402 nostram
1561 2325 1656 2400 hanc
1677 2327 1818 2400 editio·

198 2449 284 2502 nem
306 2423 374 2499 elle
396 2421 617 2517 Moguntina
641 2423 727 2500 anni
753 2447 857 2524 1470·
882 2426 1064 2522 priorem,
1092 2446 1164 2520 qua
1186 2425 1224 2498 in
1243 2447 1283 2498 re
1307 2423 1416 2498 facile
1440 2421 1687 2498 consenserim.
1757 2425 1816 2498 De

176 2518 597 2698 ¹{ypogrgquhqt&uzoco
619 2518 864 2692 irqpqssffionisl
884 2546 952 2692 nge
980 2518 1065 2632 satis
1098 2521 1304 2694 plrobalglilge
1329 2521 1476 2689 quidgrar
1490 2517 1723 2694 gfnjesstums
1747 2521 1817 2692 {pa-

199 2646 322 2804 bgqbt'
348 2641 445 2810 quqd
464 2637 662 2790 qatiqueeffeet
687 2639 885 2811 progaebfie.
934 2639 1099 2695 emerner
1135 2640 1194 2694 ine
1241 2642 1265 2691 u
1291 2641 1347 2704 10,
1374 2641 1421 2713 qu
1550 2637 1623 2713 ipe
1646 2639 1724 2692 uon
1777 2639 1818 2692 a·

199 3035 417 3166 XCVIII.
445 3062 824 3181 Johannis‘Nider
849 3069 1014 3168 ordinis
1038 3067 1256 3167 l'raedicat.
1272 3065 1624 3184 *Praeeprorium
1651 3067 1815 3160 divinae

210 3209 214 3218 ·
315 3180 478 3304 Legis,
501 3180 547 3269 in
571 3178 613 3270 F
614 3182 673 3270 ol.
706 3181 811 3272 min.
1592 3203 1597 3214 ·

297 3477 505 3556 Praemissus
535 3475 587 3552 est
616 3473 729 3553 index
754 3473 911 3575 duplex,
937 3473 1204 3594 Alphabeticus
1238 3476 1495 3563 materiarum,
1522 3473 1560 3552 dr
1586 3465 1816 3572 singulorum

203 3575 332 3653 ordine
352 3577 533 3672 capitum,
558 3573 658 3648 foliis
680 3573 960 3672 comprehensus
983 3573 1159 3674 rmprellrs
1181 3601 1236 3672 23.
1297 3575 1449 3672 Paginae
1472 3571 1621 3669 singulae
1643 3595 1731 3648 cum
1759 3576 1821 3650 in-

203 3673 298 3752 dicis
320 3671 448 3770 hujus,
474 3685 555 3747 tum
576 3668 684 3766 ipfius
706 3673 827 3769 operis
855 3673 894 3746 in
922 3671 1015 3748 duas
1038 3674 1227 3748 columnas
1255 3671 1428 3746 distinslae
1454 3668 1550 3755 sunt,
1576 3670 1616 3746 dr
1636 3669 1820 3766 impresae

205 3771 355 3870 gothico
375 3768 581 3844 charasiere
604 3791 678 3842 non
703 3767 789 3844 satis
810 3769 981 3866 aequabili
1006 3771 1144 3846 chartae
1168 3769 1366 3844 admodmn
1387 3767 1522 3852 firmae,
1548 3764 1608 3841 sed
1634 3765 1818 3862 impolitae

206 3869 245 3949 dr
264 3867 387 3942 minue
408 3865 511 3939 albae.
592 3863 754 3939 lnitiales
784 3864 920 3941 litterae
942 3869 1122 3962 capitum,
1148 3866 1334 3952 custodeS,
1360 3861 1571 3960 fignaturae,
1597 3863 1819 3959 paginarum

207 3964 351 4045 numeri
373 3961 510 4040 desunt.
558 3959 601 4034 In
623 3959 660 4034 su
686 3960 795 4036 eriori
827 3963 993 4057 margine
1013 3959 1178 4057 cujusvis
1201 3985 1246 4060 pa
1274 3962 1346 4037 inae
1377 3961 1561 4035 indicatur
1615 3975 1819 4058 raeceptum

208 4063 247 4141 dr
269 4059 487 4234 calpimlum,
510 4082 542 4133 e.
557 4081 592 4154 g.
627 3982 776 4132 Te'lcnm
796 4057 990 4158 Preceptum
1014 4057 1235 4157 capitulumo
1264 4083 1374 4134 uuum.
1452 4055 1544 4154 Capi
1603 4056 1635 4130 's
1664 4053 1817 4152 singulis
1885 4155 1886 4164 ἵ

207 4184 284 4239 non
319 4171 387 4234 unt
415 4153 568 4253 praefixa
587 4154 798 4244 summaria,
838 4155 898 4231 sed
929 4155 1024 4232 solus
1060 4179 1188 4231 eorum
1222 4175 1396 4232 numerus
1420 4153 1490 4230 hac
1517 4153 1678 4238 ratione,
1720 4177 1754 4228 e.
1779 4175 1817 4250 g.

213 4253 404 4357 Capitulum
427 4249 577 4329 Senatum.
629 4251 934 4348 interpunctionis
957 4251 1096 4350 signum
1117 4251 1259 4330 nullum
1274 4252 1375 4329 aliud
1390 4251 1569 4338 occurrit,
1595 4271 1705 4346 quam
1724 4271 1820 4344 pun·
1885 4295 1886 4308 ι

210 4355 325 4441 stum,
348 4352 507 4428 formam
532 4349 671 4425 habens
694 4351 922 4448 quadratam.
1001 4349 1193 4426 Columnae
1217 4347 1366 4447 singulae
1392 4347 1433 4422 in
1456 4368 1565 4444 opere
1589 4346 1684 4442 ipso,
1708 4359 1820 4441 quot·

84 4521 104 4523 ,γ
212 4464 302 4548 quot
322 4447 534 4536 numeravi,
565 4445 683 4525 lineas
705 4445 890 4549 impressae
913 4446 1202 4548 complesiuntur
1225 4471 1285 4545 43.
1310 4463 1316 4472 ·
1362 4443 1499 4524 Totum
1523 4465 1613 4521 vero
1644 4440 1820 4521 volumen

1680 4561 1766 4616 clim
