3790 5030
147 263 202 361 aii
315 326 320 334 -
790 235 1114 360 εδδ-ἐ

151 464 218 522 cus
242 437 428 519 Cendrata
448 442 488 517 in
510 435 665 540 praelixa
689 435 803 541 'operi
834 445 987 542 epistola
1024 443 1254 524 dedicatoria
1284 447 1446 526 nonsibi
1476 437 1635 546 gloriam
1658 445 1785 523 vindi·-

151 554 214 618 cat
237 539 365 617 latinae
387 537 578 626 versionis,
607 540 668 618 sed
693 553 839 618 tantum
867 542 1046 632 affirmat,
1074 543 1108 620 se
1138 539 1286 622 collatis
1315 545 1481 645 pluribus
1506 545 1786 643 exemplaribus

152 636 408 740 manuscriptis
428 638 522 716 lianc
541 639 728 718 adornasse
743 641 957 718 editionem.
1011 643 1128 718 Immo
1151 645 1301 721 videtur
1325 643 1562 730 existimasse.
1588 643 1787 744 Joleplium

154 737 271 838 ipsum
294 735 410 811 libros
430 735 516 812 istos
540 737 726 814 latinitate
748 738 905 814 donasse.
986 741 1043 815 lta
1071 741 1170 816 enim
1194 743 1233 816 in
1256 741 1407 820 laudata
1430 743 1584 840 epistola
1607 742 1683 832 ait:
1710 739 1791 838 Ipe

156 851 265 912 antem
287 827 371 938 (Jos
399 831 461 910 bns
475 891 485 910 .
500 891 511 912 .
527 890 564 910 ..
586 833 715 912 libram
738 836 858 934 lingna
876 837 976 936 prins
995 836 1152 936 digestam
1174 863 1258 938 opus
1280 838 1399 915 deiide
1422 833 1571 941 graecam
1595 837 1721 914 edidit:

157 961 209 1051 aa·
223 957 334 1032 graeco
372 933 435 1049 ecit
456 938 629 1050 sisnangi.
714 935 1006 1051 Pauloinserius
1031 937 1297 1111 haefflwffi
1305 937 1436 1115 baffi:
1471 935 1790 1112 ξῖἵὶαωυὲἓοηίζὲἷι
1891 959 1892 1054 j

157 1026 930 1246 iiiissiisgiiiqiiiqiiiisieiiseiiigugigslsiseesgsm
950 1033 1231 1212 siriiliiorqgitsioeesse
1254 1059 1383 1214 iasine
1405 1093 1582 1214 sessionis
1604 1089 1791 1210 libroiuni

158 1232 205 1308 de
236 1227 343 1306 Bello
366 1229 534 1326 judaico,
557 1253 633 1306 non
655 1226 771 1329 ipsum
794 1228 1000 1358 Jolephum.

158 1425 335 1526 XVIII.
366 1424 412 1519 S.
438 1425 657 1516 Antonini
675 1423 909 1516 Trastatus
937 1429 993 1516 de
1016 1423 1587 1531 Ercommunicationibus,
1613 1419 1789 1540 suspen·

274 1543 486 1648 sionibus,
509 1541 776 1648 interdictis,
795 1543 1205 1656 irregularitatibus,
1235 1543 1280 1632 sc
1296 1543 1458 1658 poenis.
1514 1541 1715 1632 Accedit
1736 1539 1793 1625 ti-

278 1661 395 1747 tulus
430 1659 486 1746 de
515 1653 805 1774 sponsalibus,
835 1657 879 1746 dr
902 1655 1182 1747 matrimonio
1207 1653 1427 1749 extrasim
1454 1681 1509 1746 ex
1540 1655 1671 1746 tertia
1696 1677 1794 1770 par·

279 1792 327 1863 te
351 1771 523 1862 summae
555 1769 753 1888 ejusdem
780 1779 825 1860 S.
849 1773 1084 1864 Antonini.
1156 1769 1364 1866 Veneriis
1392 1799 1473 1890 per
1492 1771 1594 1888 Joh.
1622 1773 1679 1860 de
1703 1769 1794 1858 Co·
1892 1841 1893 1882 ,

279 1888 423 1994 iouia,
450 1886 493 1977 br
521 1885 621 2002 Joh.
653 1889 887 1984 lilantheu.
918 1889 1045 2001 1480.
1070 1888 1119 1977 in
1142 1908 1236 2000 4to.
1892 1893 1893 1916 ¹

328 2084 520 2160 Traditus
544 2083 608 2158 iste
626 2083 778 2180 gothico
801 2083 1007 2160 charaltere
1028 2083 1068 2158 in
1084 2081 1226 2160 duabus
1242 2081 1425 2162 columnis
1448 2080 1671 2159 nitidissimae
1691 2079 1796 2156 char-
1892 2079 1893 2086 ’

168 2197 218 2259 tae
241 2181 429 2280 impressus
454 2181 515 2258 est.
567 2181 732 2256 lnitialcs
753 2181 899 2258 litteras
921 2203 1054 2278 parvas
1077 2179 1165 2260 &si
1217 2184 1371 2259 aturasi
1398 2182 1433 2258 se
1452 2180 1710 2280 typographus
1726 2179 1794 2253 ad·

166 2279 274 2379 jecit:
303 2281 471 2358 custodes
494 2297 602 2365 vero,
634 2279 672 2356 de
698 2281 841 2356 numeri
891 2281 1084 2376 aginanum
1110 2279 1250 2355 deurit.
1300 2280 1343 2356 ln
1365 2205 1440 2358 sno
1459 2278 1557 2356 hanc
1577 2279 1691 2356 habet
1715 2273 1797 2350 sub-

168 2378 423 2475 scriptionem:
455 2376 558 2454 Caius
584 2375 771 2454 nobilitatis
794 2302 978 2479 (cnseret
1007 2378 1089 2456 haec
1115 2373 1324 2474 subscriptio
1352 2402 1438 2456 cum
1462 2377 1678 2454 immediate
1700 2394 1799 2472 prae·

170 2472 408 2575 cedentibus)
431 2474 552 2572 prexia
584 2505 595 2552 r
619 2477 724 2579 reffldi
746 2477 911 2576 expostlns
926 2477 1000 2573 snit
1038 2473 1185 2554 Ueneliis
1216 2473 1314 2552 anan
1337 2501 1351 2556 r
1374 2465 1468 2578 'spiſse
1489 2472 1646 2580 jossanis
1671 2473 1707 2547 d'
1730 2467 1799 2547 Co-

170 2573 264 2650 lonia
286 2576 440 2674 agripini
453 2599 485 2657 ir
509 2501 740 2754 coddeonis
758 2573 904 2652 Marica
925 2575 959 2648 d’
978 2571 1174 2652 Gierretzi.
1191 2571 1434 2679 Anaosalsill.
1450 2575 1516 2654 Mt
1545 2595 1644 2652 cccc.
1668 2571 1798 2650 Lxxx.

162 2670 264 2773 sexto
287 2671 364 2748 idas
431 2673 491 2772 aij.
619 2675 719 2752 uitur
742 2671 931 2778 Regijlrnm
955 2671 1110 2772 eharla4.

171 2863 292 2961 xiii.
321 2862 572 2977 Raymundi
599 2867 720 2958 Lulli
745 2894 812 2959 ais
842 2868 1070 2959 Generalis
1104 2865 1273 2956 ultima.
1354 2860 1564 2962 Veneriis
1591 2885 1670 2978 pes
1696 2857 1800 2950 Ma·

287 2979 461 3096 gistrum
485 2973 734 3100 Philippum
766 2984 1213 3095 ann.14tlo.in4to.
1293 3105 1304 3126 ⁶
1639 2985 1641 2993 '

336 3174 414 3253 Cur
437 3179 529 3252 artis
551 3177 694 3258 ultimae
718 3182 868 3259 titulum
893 3179 981 3257 liuic
1004 3178 1107 3277 operi
1131 3176 1309 3256 indiderit
1331 3174 1474 3262 audior,
1499 3173 1613 3250 homo
1642 3165 1806 3266 lingula·

176 3281 228 3355 ris
252 3272 397 3374 prorsus
421 3273 577 3370 ingenii,
603 3279 736 3358 &hoc
764 3280 914 3356 nomine
939 3279 1025 3353 satis
1054 3291 1184 3362 notus,
1219 3277 1409 3352 rationem
1431 3271 1505 3371 ipse
1541 3271 1708 3368 exposuit
1733 3267 1806 3342 sta·

178 3378 246 3450 tim
271 3371 503 3469 aprincipio:
533 3371 719 3472 Quoniam,
747 3378 873 3477 inquil,
899 3375 1023 3460 malias
1052 3388 1141 3449 aries
1164 3375 1308 3469 ficimus
1337 3372 1509 3474 generales
1536 3369 1627 3468 ipsas
1650 3365 1807 3443 volamus

179 3471 306 3548 elarius
329 3468 513 3566 explanare
535 3495 595 3570 per
619 3475 680 3575 istd
707 3483 775 3573 ani
794 3499 950 3551 noeamnr
973 3473 1126 3548 nltimam
1149 3497 1185 3546 eo
1205 3473 1284 3570 qaia
1303 3469 1472 3547 daretem
1493 3493 1560 3544 non
1583 3466 1805 3565 proponimus

181 3571 286 3643 aliam
310 3567 427 3662 farere
449 3567 554 3668 ipsam
584 3569 714 3670 quidem
752 3598 798 3650 ex
830 3573 910 3649 aliis
933 3569 1212 3671 compilamus&
1240 3570 1356 3667 aliqua
1384 3592 1473 3645 noua
1502 3567 1663 3681 explicite
1698 3561 1805 3638 oddi-

181 3690 265 3781 nnes.
312 3665 457 3779 &slis
483 3671 756 3766 quodammodo
778 3684 882 3771 patet
908 3672 992 3749 libri
1015 3681 1294 3768 argumentum,
1322 3669 1421 3766 quod
1441 3688 1559 3841 pauci
1579 3678 1706 3741 tamen
1725 3661 1809 3776 ple·

182 3787 267 3860 nius
292 3777 507 3862 percipient.
572 3769 681 3856 Quod
712 3769 929 3868 praesentem
958 3771 1094 3846 attinet
1116 3767 1337 3851 editionem,
1373 3789 1419 3842 ea
1458 3777 1539 3840 orte
1563 3761 1614 3839 est
1636 3781 1809 3836 omnium

183 3865 334 4038 iisse
366 3861 1542 4060 sitiit.il...institistitltlstlltal‘dltili
1573 3858 1809 4034 iistis.

184 4085 257 4159 que
281 4057 545 4154 inscriptiones.
596 4061 721 4140 Habet
741 4089 831 4141 vero
854 4021 1067 4162 llg’naturas.
1118 4061 1304 4141 Voluinen
1329 4061 1517 4159 integrum
1537 4055 1638 4136 soliis
1662 4051 1809 4138 constat

186 4153 363 4258 impressis
385 4179 466 4253 215.
517 4159 561 4234 ln
583 4157 656 4237 line
679 4161 887 4260 subscriptio
909 4162 1060 4260 sequens
1081 4161 1236 4259 legitur:
1728 4179 1732 4184 ’

685 4257 741 4336 Μ.
759 4259 940 4338 cccclxxx.
963 4259 1017 4335 die
1038 4261 1114 4338 xiii.
1136 4254 1323 4336 noncnbn'n

137 4349 149 4368 '
188 4351 270 4431 Fuit
295 4351 447 4454 impreffa
472 4351 529 4430 in
554 4361 615 4432 ars
644 4355 790 4436 Ueneriis
814 4383 876 4458 per
893 4362 1097 4461 nagistrum
1129 4355 1321 4456 philippam
1350 4354 1481 4456 petitine
1515 4351 1631 4454 (fic).
1741 4347 1811 4422 'ri‘

187 4453 319 4526 ioannis
336 4451 547 4554 -eordiebensts
568 4453 709 4555 eiusdem
731 4459 817 4534 artis
836 4456 1030 4557 profeffiiris
1054 4459 1113 4554 qai
1135 4454 1239 4554 ipsam
1270 4453 1450 4553 diligenter
1471 4453 1630 4530 conexit.
1743 4471 1810 4522 siis.

188 4548 230 4624 In
255 4551 373 4654 prima
389 4551 469 4629 solii
488 4559 557 4634 arb
583 4555 719 4654 pagina
733 4557 870 4655 legitiu
892 4554 1099 4659 Regillensi,
1126 4553 1172 4631 sc.
1192 4556 1440 4658 chartarum:¹
1458 4551 1497 4632 de
1511 4549 1603 4630 nihil
1617 4551 1811 4722 praextffea·
