3794 5028
678 361 681 370 Α
758 227 1082 364 ss
1242 311 1250 322 -
1560 237 1565 245 '
1629 247 1717 368 169

79 466 171 534 tuor
204 448 330 540 inlisa,
368 445 538 548 exceptis
559 441 722 545 quinque
745 443 856 526 lineis
882 415 1065 524 columnae
1091 451 1235 543 quartae
1262 441 1344 521 solii
1361 435 1510 544 quarti,
1544 466 1718 544 compre·

81 551 233 630 hensus.
281 546 347 628 Ad
373 549 516 626 calcem
543 541 653 643 hujus
707 543 828 644 rologi
856 543 938 620 haec
968 556 1116 620 tantum
1150 543 1323 640 leguntur
1346 543 1530 641 impressa:
1554 541 1716 642 Explicit

73 651 257 750 prologus.
307 649 479 745 Quinque
495 645 613 720 lineas
637 642 675 718 di
761 641 946 719 columnae
965 639 1163 739 postremas
1180 641 1394 717 immediate
1416 640 1606 738 sequentes
1626 666 1714 740 ope·

76 749 131 824 ris
161 747 316 824 initium
340 742 407 820 sabi
430 742 605 818 vindicat.
684 739 840 817 Litterae
864 738 945 814 sunt
972 739 1132 832 gothicae
1157 739 1323 836 quidem,
1363 739 1423 814 sed
1452 739 1539 815 talis
1560 738 1712 830 formae.

131 867 168 921 ae
192 845 244 920 ad
268 842 448 920 rotundas
471 838 746 938 quodammodo
767 837 929 913 ⁴accedit.
979 834 1118 912 Desunt
1139 837 1261 912 ubivis
1282 837 1443 912 initiales
1467 838 1620 925 litterae,
1649 862 1713 914 cu·
1859 863 1871 874 “

104 869 129 921 u

78 869 226 1028 audes,
268 939 484 1036 lignaturae,
525 937 742 1034 paginarum
772 933 917 1012 numeri
948 932 989 1011 &
1020 932 1126 1010 inseri
1154 934 1286 1010 tiones.
1360 935 1501 1012 Praeter
1539 935 1713 1034 punstutn

77 1040 227 1116 nullum
258 1041 374 1115 etiam
406 1035 569 1112 occurrit
603 1031 745 1129 signum
780 1029 1031 1108 diffinitionis.
1141 1033 1247 1107 harto
1277 1031 1329 1112 est
1357 1032 1557 1110 admodum
1584 1031 1710 1122 firma.

77 1137 241 1224 munda,
284 1136 324 1213 δι
351 1134 445 1210 alba.
523 1129 713 1222 chartarii·
740 1127 882 1226 signum
919 1127 1203 1227 frequentissime
1241 1153 1438 1207 occurrens
1468 1130 1519 1208 est
1546 1131 1625 1208 rosa
1653 1135 1711 1209 di·

81 1235 199 1312 versae
225 1230 507 1329 magnitudinis.
556 1226 679 1305 Semel
701 1240 814 1326 caput
838 1226 945 1302 bovis
966 1225 1173 1304 observavi:
1202 1226 1398 1325 aliquoties
1414 1228 1607 1328 strigilem,
1635 1256 1711 1307 non

80 1331 149 1409 nifi
168 1332 253 1418 bis,
284 1344 387 1420 terve
408 1351 535 1404 uvam.
602 1326 784 1402 Columna
809 1325 952 1422 quaevis
974 1329 1032 1402 62.
1056 1324 1175 1402 lineas
1202 1325 1464 1424 complesiitur.
1534 1327 1635 1404 Sunt·
1652 1343 1711 1405 ta·

78 1453 169 1508 men
194 1429 385 1524 margines
408 1425 494 1502 satis
518 1423 667 1521 ampli.¹
695 1423 832 1499 Totum
855 1445 947 1519 opus
967 1423 1068 1498 l'oliis
1094 1421 1269 1521 imprellrs
1294 1423 1434 1500 constat
1459 1428 1539 1523 163.
1589 1421 1710 1504 Acce·

80 1529 178 1606 dunt
198 1549 292 1603 vero
315 1527 388 1602 duo
409 1524 501 1600 solia
523 1522 703 1620 separata,
731 1543 814 1619 quae
829 1521 992 1596 indicem
1011 1523 1204 1598 continent
1224 1523 1474 1600 materiarum.
1525 1523 1568 1600 ln
1585 1523 1710 1600 frome

82 1623 196 1723 hujus
224 1621 361 1700 indicis
382 1622 466 1700 haec
488 1621 664 1717 leguntur
685 1617 870 1717 impressa:
910 1614 1079 1714 Sequitur
1107 1621 1281 1720 questiones
1296 1617 1466 1718 seraphici
1485 1617 1628 1696 doiiorh
1647 1619 1709 1698 deii

82 1721 313 1798 bononentare
333 1715 522 1795 cardinalis
534 1716 639 1817 snper
648 1718 759 1814 primo
774 1711 862 1790 libro
875 1713 1044 1816 sentencia
1106 1715 1148 1793 u'
1164 1717 1271 1812 primo
1290 1730 1433 1832 quatur
1450 1722 1590 1822 questus
1606 1701 1708 1820 pune·

80 1819 157 1897 bele
188 1815 549 1934 fidm··mdmplehi
571 1838 677 1914 genus
712 1813 817 1912 cause.
892 1812 971 1890 Nec
995 1742 1127 1889 inafine
1152 1812 1262 1911 hujus
1288 1816 1441 1906 indicia,
1477 1817 1608 1895 necin
1633 1816 1707 1897 fine

76 1917 186 2016 ipsius
208 1940 342 2032 opens·
359 1916 562 2088 quidqpam
582 1912 720 2026 legitur
736 1914 1011 2028 adnotatumut
1025 1911 1118 1988 adeo
1137 1911 1424 2026 locusqannus,
1448 1915 1705 2030 typographus
1823 1989 1826 1996 ,

77 2017 239 2104 lateant,
282 2037 346 2114 qur
369 2039 417 2091 ex
442 2039 463 2088 c
490 2010 731 2096 astitoribus,
768 2009 829 2085 seu
852 2008 987 2085 litteris
1011 2033 1086 2084 non
1114 2008 1201 2085 satis
1230 2023 1345 2089 etiam
1375 2011 1534 2112 possunty
1547 2012 1706 2112 agnosca.

78 2115 235 2192 Librum
260 2137 358 2192 anno
382 2111 510 2190 saltem
532 2112 638 2210 1476.
660 2106 731 2186 else
749 2105 943 2195 excusmn,
966 2106 1076 2184 initio
1090 2107 1237 2185 monui

78 2306 342 2402 nxrmu.
384 2305 620 2396 sermones
651 2301 774 2392 saca
805 2251 892 2421 μό
922 2296 1042 2393 seua
1075 2325 1340 2418 perannum
1371 2305 1551 2418 erno,
1594 2303 1702 2398 uer

195 2423 423 2514 Sermones
447 2417 565 2510 Dan.
602 2421 648 2508 in
673 2417 798 2515 Fol..

176 2605 330 2700 Paginae
345 2599 494 2696 singulae
521 2599 561 2676 ln
586 2601 679 2676 duas
702 2597 893 2674 columnas
917 2597 1091 2676 distinslae
1114 2596 1206 2676 lunt.
1256 2598 1383 2677 Prima
1398 2599 1569 2677 colunma
1592 2599 1702 2679 exhi·

82 2707 143 2782 bet
172 2702 361 2804 Regislrnm
375 2697 571 2774 Sermonum
585 2699 658 2806 qpt‘r
671 2695 739 2810 don
756 2693 918 2793 descissis.
966 2695 1020 2772 Ei
1033 2709 1114 2772 notu
1132 2722 1175 2794 q3
1191 2701 1470 2800 numerioiposcti
1493 2707 1537 2774 ni
1559 2711 1701 2798 munt
1740 2701 1748 2724 ¹

72 2809 163 2903 sosia
187 2805 269 2885 titre·
279 2805 324 2906 [3
344 2806 658 2904 origineenatento4
677 2807 690 2879 i
712 2797 801 2877 libro
821 2801 917 2878 Dan.
967 2803 1204 2879 'Terminatur
1224 2805 1296 2880 hoc
1316 2803 1508 2899 registrum
1530 2805 1570 2880 in
1590 2827 1699 2882 aver·

81 2905 270 3003 sapagina
300 2903 379 2980 folii
407 2903 553 2980 secundi
578 2903 750 2978 columna
772 2900 891 2997 prima
916 2901 1026 2996 paulo
1051 2915 1137 2977 ante
1160 2903 1336 2978 medium.
1417 2901 1459 2977 ln
1479 2902 1606 2986 eadem
1633 2905 1698 2978 co·

79 3004 202 3080 lomna
225 3004 362 3100 legitur
384 3000 591 3100 impressum
617 2999 743 3097 Incipit
764 2993 881 3071 tobalea
903 2995 1001 3084 libri,
1029 2998 1099 3074 hoc
1122 2996 1190 3086 est,
1216 2999 1330 3076 index
1345 2998 1596 3097 alphabeticus
1615 3023 1697 3077 ma·

78 3105 263 3178 ceriarum.
316 3100 449 3196 Incipit
471 3100 552 3175 haec
575 3097 701 3173 tabula
719 3094 810 3172 solio
831 3097 929 3192 3tlo‚
958 3095 996 3173 dc
1020 3097 1181 3193 quinque
1201 3097 1332 3192 implet
1354 3096 1454 3172 solia.
1505 3097 1609 3172 Folio
1632 3100 1698 3176 de·

78 3223 175 3275 mum
201 3196 367 3294 impresso
389 3195 518 3272 osiavo
540 3194 665 3295 saepit
686 3219 767 3292 opus
790 3193 831 3266 de
846 3190 982 3308 Juniiis.
1033 3192 1208 3289 Sequitur
1233 3208 1358 3270 autem
1379 3195 1592 3271 immediate
1614 3193 1699 3273 bre·

78 3299 132 3372 vis
156 3295 317 3372 authoris
338 3293 590 3380 intromisso,
617 3317 664 3368 ex
686 3314 757 3389 qua
773 3290 964 3378 discimus,
990 3292 1149 3368 eundem
1172 3292 1285 3368 etiam
1305 3291 1488 3369 sermones
1506 3292 1626 3368 sacros
1647 3294 1697 3371 de

79 3407 245 3490 tempore
265 3391 425 3469 edidisse.
502 3391 619 3467 Porro
642 3391 729 3465 huic
752 3388 906 3486 prologo
924 3387 1087 3487 praefixit
1110 3389 1221 3465 verba
1240 3389 1424 3486 sequentia
1443 3413 1492 3465 ex
1511 3390 1695 3467 Deutero-

80 3492 193 3568 nomii
208 3491 308 3587 ¹Cap.
324 3488 462 3565 XXXI.
484 3487 722 3586 deprompta:
750 3485 834 3562 Dan
854 3487 985 3562 catalus
1003 3486 1108 3562 leonis
1117 3489 1201 3583 fluit
1226 3489 1282 3562 sur
1306 3488 1369 3562 iter
1389 3486 1430 3562 de
1446 3485 1575 3587 Busan.
1632 3490 1694 3566 ln·

79 3591 121 3665 de
145 3587 326 3686 conjicio,
354 3587 580 3662 sermonibus
602 3585 677 3661 istis
700 3609 853 3672 nomen,
878 3582 1053 3662 Sermones
1069 3583 1172 3672 Dan,
1198 3586 1253 3662 fui
1279 3611 1301 3662 e
1321 3585 1491 3662 inditum.
1540 3587 1694 3688 Impres-

76 3685 147 3762 hm
169 3685 223 3763 est
241 3686 313 3762 boc
337 3706 431 3781 opus
451 3683 658 3760 charasiere
679 3683 849 3779 gothico,
875 3682 961 3757 satis
984 3682 1130 3780 pinqui‚
1156 3682 1194 3760 δι
1217 3686 1337 3780 magis
1358 3685 1540 3773 romundo,
1580 3707 1694 3783 quam

77 3784 241 3880 oblongo.
292 3781 457 3858 initiales
479 3780 624 3857 litteras
639 3800 800 3877 magnas
822 3779 925 3876 ligno
950 3778 1080 3857 incisas
1100 3783 1356 3879 typographus
1376 3780 1604 3880 adjiciendas
1624 3807 1692 3863 cu·

77 3885 180 3958 ravit.
234 3879 411 3956 Custodes
426 3901 534 3964 vero,
558 3877 773 3974 signatume,
825 3877 1019 3974 aginarum
1040 3879 1184 3954 numeri
1213 3878 1252 3957 &
1277 3879 1530 3976 inscriptiones
1551 3881 1692 3960 desunt.

75 3979 209 4056 Charta
233 3976 285 4054 est
306 3973 523 4062 firmissima,
547 3975 608 4052 sed
634 3979 757 4051 minus
777 3901 823 4051 af

73 4076 141 4154 tius
167 4095 369 4153 occurrens
393 4071 445 4149 est
469 4073 597 4150 littera
617 4073 671 4159 D,
712 4095 823 4168 quam
848 4070 948 4160 stilus
970 4070 1067 4148 secat
1081 4095 1127 4148 ex
1142 4095 1217 4148 una
1230 4089 1334 4173 parte
1354 4077 1394 4150 in
1416 4077 1611 4164 annultun,
1639 4099 1698 4154 ex·

71 4173 179 4252 altera
209 4171 250 4248 in
270 4194 421 4248 crucem
442 4169 618 4247 desinens.
666 4169 794 4245 Minus
818 4170 1031 4266 frequenter
1053 4193 1191 4247 corona
1211 4173 1384 4249 occurrit.
1449 4176 1600 4263 Quaevis
1623 4197 1687 4250 co·

64 4267 194 4348 sumna
219 4271 365 4367 integra
387 4267 506 4344 lineas
526 4291 584 4368 57.
605 4266 867 4365 complestitur.
915 4265 1065 4345 Constat
1086 4268 1261 4345 volumen
1284 4271 1470 4367 integrum
1491 4271 1594 4349 soliis
1614 4273 1687 4348 im·
1707 4277 1710 4292 '
1731 4354 1735 4367 ,

74 4369 190 4479 preliis
216 4371 298 4464 246.
349 4365 392 4442 ln
413 4365 488 4442 sine
511 4366 604 4442 nihil
626 4363 773 4482 prorsus
793 4363 930 4461 legitur
951 4363 1143 4462 adjeiium.
1206 4367 1264 4444 De
1285 4367 1518 4466 typographo
1541 4367 1579 4446 δι
1602 4369 1688 4448 loco

74 4463 308 4564 mpresironis
330 4461 446 4538 nolim
468 4462 656 4540 hariolari.
719 4462 874 4542 Librum
895 4459 1013 4578 ipsum
1029 4475 1117 4544 ante
1136 4485 1221 4544 ann
1244 4480 1347 4564 1480.
1369 4465 1579 4582 impressum
1601 4466 1691 4558 else,

74 4583 245 4666 perquam
263 4561 359 4642 mibi
381 4560 571 4662 probabile
595 4559 658 4640 est.

184 4657 193 4670 ‘
382 4667 385 4674 Α
594 4669 609 4724 ·.
883 4652 917 4732 r
1465 4661 1637 4744 mxu.
1708 4773 1725 4786 l

816 3973 920 4052 ba&
942 3974 1069 4073 polita
1143 3976 1332 4053 Chartarii
1357 3975 1497 4075 signum
1516 3979 1696 4086 frequeng
