3788 5034
161 309 251 442 ¹„
435 347 439 362 .
842 263 1169 392 ss

34 571 35 574 p
191 471 366 578 iorprgssar
397 473 435 550 io
466 495 488 550 o
515 471 578 550 ‘do'
593 470 787 574 Burgdors
811 471 921 552 Anao
955 471 1016 550 diri
1042 472 1213 575 miiiefimo
1237 467 1556 593 quadriageatefimo
1569 479 1796 600 septuogefirm

169 577 321 675 ·quiato.
369 573 442 650 His
482 575 651 651 ubnoxus
671 573 722 650 est
750 570 834 652 ordo
848 572 974 673 salim.
1000 572 1039 648 ln
1054 597 1087 648 e.
1108 572 1293 666 indiculus
1314 599 1518 674 primarum
1544 579 1707 679 cujusvis
1731 581 1803 680 pla·¹

193 673 294 772 gulae
315 695 472 762 vocum,
496 672 755 772 Bibliopegam
778 673 826 750 iri*
837 671 1053 751 ordinandis
1074 670 1307 773 plagulamm
1335 674 1516 756 fasciculis
1538 680 1711 778 dirigens.

192 883 335 983 Vm.
359 884 534 979 Valerii
548 884 739 975 Maximi
756 881 991 1006 Dictorum
1005 880 1333 1004 Fadiornmqne
1348 865 1695 979 memorabilium
1713 889 1806 977 libri

307 1027 547 1208 {ffiffi'in
564 977 757 1206 tffifeffi
780 999 1032 1092 Mediolani
1062 1025 1163 1096 ann.
1191 1024 1318 1116 1475.
1351 1029 1432 1122 per
1450 1004 1699 1096 Antonium
1730 1001 1806 1096 Za·

288 1311 334 1389 In
357 1311 478 1410 prima
497 1312 619 1410 operis
645 1310 782 1410 pagiua
804 1308 941 1410 legitur
962 1312 1062 1389 Boni
1085 1309 1248 1390 Aemrrfii
1269 1310 1389 1390 Pisani
1410 1313 1459 1391 ad
1482 1313 1660 1394 Cicchum
1684 1313 1804 1389 Simo·
1859 1375 1860 1410 ,

192 1421 321 1489 netam
343 1411 505 1506 primum
528 1409 697 1486 ducalem
722 1408 956 1486 secretarium
993 1409 1143 1508 epistola
1175 1411 1420 1500 dedicatoria,
1457 1414 1592 1510 inqua
1618 1412 1805 1490 Valerium

190 1509 403 1588 Maximum
424 1531 447 1585 a
468 1507 503 1585 se
526 1503 690 1582 amendati
712 1532 774 1582 rme
796 1505 991 1595 correiium,
1032 1505 1074 1585 o*
1095 1506 1258 1607 quidquid
1281 1521 1354 1584 erat
1376 1513 1552 1585 aliarami
1574 1513 1730 1586 morantia
1755 1511 1808 1583 in·
1859 1529 1860 1578 x

182 1605 312 1706 sertam
335 1617 519 1721 exeenptum
532 1603 636 1708 fuiffe
658 1630 680 1681 a
705 1605 840 1682 firmat
874 1605 1000 1690 ,Hanc
1021 1607 1070 1713 in
1083 1609 1213 1683 eadem
1236 1607 1372 1704 pagina
1395 1609 1534 1705 excipit
1548 1537 1648 1684 Mani
1666 1604 1807 1684 Accnr-

190 1701 232 1780 fii
250 1705 462 1802 explanatio
488 1705 732 1802 quorumdam
754 1702 940 1791 locomm,
980 1725 1063 1802 quae
1092 1706 1133 1780 in
1152 1704 1226 1802 ipsa
1249 1705 1388 1782 Valerii
1412 1704 1569 1802 Maximi
1589 1705 1807 1802 praefatione

191 1800 347 1896 inopus
369 1800 527 1899 praesens
549 1816 758 1879 occurrunt.
810 1803 851 1879 ln
874 1801 907 1877 se
933 1803 1036 1878 uenti
1058 1802 1148 1877 folio
1172 1802 1369 1900 incipiunt:
1402 1803 1535 1880 Valerii
1550 1799 1706 1879 Maximi
1726 1801 1809 1902 (cat-

193 1898 367 1996 pitalibus
389 1897 545 1998 litterls)
566 1899 742 1975 Ditiorum
767 1899 820 1975 Et
846 1826 1022 1974 Foliorum
1049 1897 1323 1976 Memorabilium
1348 1899 1536 1984 Rubricar
1565 1923 1648 2000 quae
1677 1901 1807 1978 termi·
1859 1905 1860 1942 r

191 2009 329 2084 nantur
358 1994 440 2070 folii
470 1998 573 2071 tertii
600 1997 735 2094 pagina
765 1998 884 2094 prima
912 1997 1009 2073 linea
1035 2023 1092 2076 22.
1124 1995 1262 2075 Aversa
1285 2002 1419 2098 pagiua
1440 2024 1556 2076 vacua
1578 2000 1639 2076 elb
1701 1998 1808 2075 Folio

193 2104 327 2190 quarto
350 2093 500 2169 demum
519 2093 634 2190 ipsum
657 2116 751 2191 opus
773 2095 915 2190 incipit.
982 2095 1219 2194 =lmprellum
1239 2097 1289 2174 est
1313 2099 1519 2175 charailere
1547 2098 1707 2174 rottmdo
1732 2097 1807 2172 ele·

192 2187 411 2286 gantillrmo.
459 2191 623 2266 Litteras
645 2191 807 2268 initiales
831 2213 965 2294 parvas
988 2193 1076 2269 inde
1090 2217 1114 2269 a
1130 2192 1214 2270 libri
1234 2197 1343 2292 primi
1365 2195 1517 2295 capituli
1562 2197 1660 2272 uarti
1679 2219 1806 2271 exem·
1859 2231 1860 2254 ι

191 2287 254 2384 plo
275 2287 451 2374 secundo,
490 2289 590 2385 quod
613 2288 664 2367 est
685 2288 741 2367 De
764 2289 890 2366 Marco
915 2288 956 2367 i!
976 2289 1132 2368 Flamma
1153 2295 1293 2391 capitis,
1331 2317 1376 2370 us
1400 2319 1449 2370 ue
1471 2295 1525 2370 'ad
1598 2317 1658 2369 em
1679 2293 1804 2390 operis

177 2399 352 2500 ,typogra
376 2385 415 2461 hi
438 2383 503 2482 ipit
523 2385 748 2485 adjecerunt.
799 2389 842 2464 In
862 2389 1155 2501 praecedentibus
1181 2405 1307 2468 autem
1330 2317 1469 2469 deiunt.
1528 2389 1666 2468 Desunt
1690 2391 1806 2501 etiam

191 2483 315 2558 ubivis
350 2497 549 2579 ignaturae,
574 2485 761 2574 custodes,
815 2509 1008 2582 agmarum
1030 2489 1184 2564 numeri.
1235 2487 1299 2566 Ad
1319 2491 1458 2567 calcem
1481 2490 1570 2567 noni
1596 2489 1682 2568 libri
1704 2511 1805 2587 capr·

189 2580 328 2660 talibus
352 2581 507 2673 litteris,
533 2582 573 2662 dt
594 2585 760 2662 numeris
783 2509 962 2658 Aoma'nis
988 2587 1039 2658 im
1066 2585 1153 2660 tella
1175 2585 1256 2662 haec
1279 2587 1470 2685 leguntur:

728 2679 786 2759 M.
817 2678 951 2757 CCCC.
979 2681 1014 2758 L
1053 2682 1141 2760 XV.
1177 2683 1268 2764 VII.

833 2775 914 2855 Ill.
943 2777 1159 2858 Noaaabres.

894 2875 1096 2956 Mediolani.

208 3047 209 3050 ,
779 2970 854 3054 Aa.
897 2975 1069 3080 Imprefflt.
1117 2973 1205 3056 ΖΛ.

187 3069 259 3150 Per
280 3065 354 3148 Aa.
384 3065 470 3148 ZA.
493 3069 774 3168 intelligendum
799 3074 868 3151 elle
892 3071 1100 3151 Antonium
1122 3075 1318 3151 Zarottum
1344 3074 1624 3156 celeberrimum
1650 3077 1815 3158 Medio·¹

186 3165 262 3246 lani
286 3169 349 3247 illa
368 3182 480 3246 aetate
506 3169 779 3268 typographum
800 3195 929 3259 nemo,
952 3187 996 3248 ut
1017 3174 1168 3268 opinor,
1196 3173 1344 3265 vocabit
1368 3173 1407 3248 in
1434 3174 1596 3253 dubium.
1662 3175 1801 3258 ,Acce-

186 3267 244 3344 dit
268 3266 383 3342 index
406 3266 658 3364 alphabeticus
680 3268 934 3366 copiofiffimus
953 3271 1193 3347 materiarum
1213 3270 1313 3347 foliis
1330 3295 1385 3348 22.
1411 3273 1709 3370 comprehensus,
1736 3281 1813 3356 cui'

185 3362 367 3538 plraemiffa
387 3362 439 3438 est
460 3364 643 3442 instruilio
670 3369 718 3444 ad
740 3368 956 3466 expeditum
978 3365 1144 3467 ejusdem
1168 3369 1281 3447 usum.
1346 3367 1515 3460 Orlandi,
1543 3373 1797 3470 Hamberger,

226 3460 395 3546 arwood,
419 3459 602 3574 hu'psque
622 3464 805 3563 interpres
827 3463 935 3543 Alter
956 3465 1051 3543 hanc
1077 3467 1280 3544 editionem
1303 3490 1378 3540 non
1400 3469 1621 3548 excitarunt.
1672 3471 1728 3546 Cl.
1746 3472 1814 3548 de'

78 3645 81 3654 ,
183 3484 599 3736 Ξξέξῦῖἓιεῐιωίἒὲοανίῑ
621 3573 778 3642 tantum
829 3563 1003 3642 Editores
1024 3563 1165 3646 Valerb·
1190 3563 1347 3643 Maximi
1368 3563 1562 3666 Bipontini
1586 3569 1633 3648 de
1657 3590 1704 3645 ea
1729 3591 1802 3670 pa·

182 3827 261 3958 IX.
290 3865 338 3962 S.
361 3869 592 3984 Augustini
616 3869 774 3977 Liber,
805 3870 1130 3992 Quinquaginta
1161 3877 1427 3990 adpellatus,
1471 3873 1545 3966 seu
1572 3881 1717 3972 verius
1747 3881 1795 3973 S.

299 3986 532 4098 Augustini
555 3987 864 4105 quinquaginta
887 3987 1094 4080 Homiliae
1124 3993 1179 4078 de
1209 3993 1341 4080 variis
1367 3995 1559 4081 materiis
1590 3997 1798 4111 Augustae

178 4145 182 4158 ·
296 4097 435 4194 Vind.
458 4126 538 4218 per
572 4103 895 4244 Antonsmg,
925 4127 1038 4196 anno
1071 4132 1194 4220 1475.
1220 4105 1266 4194 in
1293 4104 1333 4194 F
1337 4109 1398 4203 ol.

276 4297 504 4376 Praemissum
526 4298 577 4377 est
600 4299 813 4398 registrum,
840 4299 899 4379 seu
923 4301 1036 4378 index
1059 4301 1329 4389 Homiliarum,
1353 4323 1437 4400 quae
1462 4302 1534 4380 hoc
1560 4327 1672 4404 opere
1702 4331 1793 4385 con·

179 4396 365 4486 timentur,
389 4409 585 4498 utramque
605 4401 715 4496 primi
736 4400 817 4482 folii
835 4401 992 4498 implens
1019 4403 1202 4497 paginam.
1252 4399 1281 4476 F
1282 4401 1358 4476 olio
1379 4401 1534 4479 secundo
1559 4402 1686 4502 Incipit
1706 4403 1793 4483 liber

179 4500 268 4576 beati
286 4500 469 4603 Augustini
492 4504 646 4606 episcopi,
729 4507 915 4583 ivocatrer
937 4509 1145 4607 quinq'gie'rta·
1162 4506 1220 4583 De
1244 4531 1280 4582 eo
1306 4505 1396 4605 qaod
1406 4506 1481 4603 scri
1539 4535 1571 4584 m
1596 4515 1647 4626 {A
1702 4507 1790 4612 Quis

177 4597 351 4704 eleomo,
379 4604 438 4703 qui
465 4605 541 4686 uait
564 4605 639 4687 aira
660 4531 813 4710 [pompa
836 4601 949 4686 videre
977 4603 1047 4685 dies
1072 4604 1173 4690 banos
1209 4606 1280 4710 (ln
1308 4605 1438 4686 eadem
1489 4607 1496 4622 '
1527 4625 1571 4686 'ea
1595 4605 1790 4704 interjeiio

1656 4705 1737 4804 spa·
