3790 5030
160 257 245 362 bo=
712 215 714 218 ’
800 211 1122 338 ss

155 432 268 535 jonos
283 427 438 516 habent,
460 423 520 504 sed
538 437 683 503 textum
706 423 882 500 exhibent
904 421 1106 507 diversum,
1128 435 1171 498 ut
1191 419 1272 499 sunt
1292 435 1428 519 praeter
1442 422 1534 498 alias
1555 417 1682 499 Saroni
1693 423 1778 498 edi·

158 534 280 609 nones
306 523 564 622 Lugdunenses
584 525 629 600 ab
650 521 804 598 Alberto
829 519 1032 596 Castellano
1047 521 1238 596 correslae.
1320 520 1429 596 Coos.
1458 520 1591 596 Nasclr.
1615 521 1685 597 loc.
1709 523 1777 596 cit.

157 627 196 733 §.
212 623 365 704 XXVII.
389 661 392 666 Δ
414 622 651 715 Editiooibus
678 643 812 694 novem
834 619 1035 704 Genuinis,
1064 641 1155 716 quas
1182 618 1319 693 ibidem
1344 617 1400 694 Cl.
1419 617 1601 694 Moschius
1622 641 1779 696 enume-

5 795 8 807 .
159 741 236 814 rat,
264 721 432 802 addenda
453 719 504 798 est
527 721 690 806 deciana,
719 741 816 793 ame
841 717 888 792 ad
911 739 1049 794 annum
1075 732 1168 814 1482
1195 715 1241 791 N.
1266 713 1349 792 XV.
1372 715 1601 794 recensenda.

159 939 309 1038 XVII.
336 934 659 1030 Vocabularius
683 931 797 1046 Jnris
834 916 1090 1049 utriusque,
1139 927 1211 1020 sen
1236 935 1415 1025 lexicon
1446 937 1775 1052 alphabeticum

275 1053 594 1144 vocabulorum
617 1051 661 1138 in
682 1049 782 1162 jure
805 1069 993 1163 utroque
1016 1043 1285 1162 frequentius
1310 1051 1644 1142 occurrentium.
1681 1049 1779 1140 No·

276 1168 502 1284 rimbergae
534 1191 613 1282 per
640 1167 750 1254 Ant.
785 1161 1017 1276 Koburger
1054 1163 1178 1272 1481.
1209 1165 1255 1251 iu
1285 1163 1389 1256 Fol.

319 1359 587 1444 Vocabularibs
611 1359 675 1437 iste
698 1359 848 1456 gothico
870 1357 1076 1434 charactere
1104 1360 1331 1457 pereleganti
1355 1363 1395 1438 in
1420 1362 1561 1440 duabus
1589 1360 1778 1440 columnis
1891 1361 1892 1370 ‘

160 1465 346 1568 praestanti
367 1461 506 1538 chartae
533 1457 721 1554 impressus
743 1456 803 1532 est.
867 1455 979 1532 Caret
1001 1455 1204 1536 initialibus
1227 1459 1382 1546 litteris,
1407 1462 1635 1546 custodibus,
1656 1459 1779 1554 srgna·

161 1568 275 1650 turis,
303 1559 486 1658 numeris,
509 1556 547 1634 dt
570 1555 864 1652 inscriptionibus
892 1555 1069 1650 paginam
1119 1571 1135 1602 ⁹
1178 1555 1235 1632 In*
1269 1560 1362 1633 rima
1391 1561 1519 1656 primae
1542 1559 1688 1657 paginae
1709 1580 1777 1630 ω.

160 1665 287 1742 lumna
309 1660 462 1756 legitur:
491 1652 616 1752 Incipit
638 1651 871 1738 vocabularius
892 1653 977 1726 iuris
1001 1577 1163 1750 otriffqg.
1238 1580 1268 1729 ἕ
1416 1659 1420 1667 “

162 1761 334 1860 cplumna
360 1780 435 1832 non
455 1752 519 1850 nisi
541 1753 808 1851 praelationem.
890 1749 1153 1852 Vocabularius
1175 1751 1248 1849 ipse
1273 1753 1402 1851 incipit
1431 1757 1470 1830 iu
1495 1753 1649 1830 secunda
1672 1750 1775 1850 ejus-

161 1861 248 1936 dem
271 1854 415 1954 paginae
438 1853 620 1928 columna.
683 1847 746 1926 Ad
774 1848 913 1926 calcem
943 1849 1161 1936 voluminis,
1188 1852 1287 1945 quod
1309 1853 1408 1928 soliis
1432 1853 1571 1928 constat
1595 1849 1777 1950 impressis

166 1976 257 2044 110,
284 1956 435 2050 sequens
459 1950 594 2045 legitur
618 1949 778 2024 notitia:
821 1945 885 2022 Ex
908 1945 980 2021 sicit
994 1941 1222 2022 ,vocabulari’
1246 1949 1394 2048 otmusq3
1418 1953 1504 2026 iuris
1526 1949 1637 2050 pridie
1663 1972 1775 2024 nonos

153 2055 193 2156 se
216 2049 348 2128 imbris
366 2044 533 2123 Actionis
555 2041 718 2144 soburgrr
740 1973 975 2157 Nursinirrgr
991 2043 1084 2140 (stc)
1112 2045 1261 2146 imprnfis
1285 2046 1455 2152 imprrffus
1476 2046 1518 2128 {i
1538 2047 1770 2148 cosummatus.

161 2081 268 2234 sino
280 2148 416 2252 salutis.
445 2146 497 2223 M.
512 2167 609 2222 cccc.
625 2145 762 2220 Lxxxr.
893 2173 905 2206 a
1162 2199 1169 2210 ,
1223 2168 1226 2186 ‚

1271 1656 1399 1732 xhibet
1428 1680 1516 1732 vero
1548 1659 1665 1754 prima
1690 1657 1777 1728 haec

160 2377 336 2474 XVlll.
364 2367 587 2461 Gnilielmi
614 2364 788 2458 Postilla
820 2364 865 2454 in
908 2362 1150 2480 Evangelia
1198 2367 1244 2457 bc
1292 2365 1509 2484 Epistulas
1562 2331 1616 2460 de
1657 2391 1771 2461 tem·

271 2514 381 2607 pore
421 2489 462 2574 lie
504 2484 658 2574 diebus
693 2479 961 2588 DominiciS,
1004 2485 1059 2570 de
1084 2481 1276 2591 Sandis,
1319 2487 1374 2572 de
1400 2489 1621 2576 communi
1646 2499 1773 2691 Alpo-

278 2605 507 2705 stolorum,
542 2597 813 2709 Martyrum,
844 2591 1169 2702 confessorum,
1210 2595 1463 2712 Virginum,
1499 2603 1543 2690 bc
1567 2630 1647 2719 pro
1724 2631 1771 2690 e·

277 2715 453 2814 functis.
481 2713 908 2825 Norimbergaeanno
937 2711 1061 2822 1481.
1085 2738 1164 2828 per
1186 2717 1298 2810 Ant,
1330 2713 1572 2828 lsoburger.
1602 2717 1648 2804 in
1663 2714 1702 2808 F
1705 2719 1772 2832 ol.
1813 2777 1819 2783 -

322 2912 364 2988 ln
385 2907 508 2986 aversa
531 2908 641 3009 primi
663 2907 743 2984 solii
766 2909 900 3006 pagina
932 2907 1091 3005 primurn
1121 2909 1451 3006 quidemansloris
1476 2909 1612 3005 legitur
1638 2911 1775 3008 praesa·

161 3018 236 3103 tio,
263 3033 347 3111 quae
365 3009 514 3107 incipit:
542 3007 623 3082 irum
646 3005 808 3108 (Vitam)
827 3003 945 3082 bonam
963 3003 1004 3082 ss
1021 3009 1147 3084 exitum
1165 3003 1262 3082 hears
1282 3007 1352 3086 ore.
1401 3009 1494 3086 Tum
1518 3009 1683 3086 austores
1704 3035 1777 3086 no·

163 3117 369 3195 minantur,
393 3131 439 3182 ex
465 3106 597 3202 quibus
616 3103 740 3181 auster
757 3104 818 3179 sua
838 3102 1052 3202 depromsrt:
1078 3105 1308 3204 explicantur
1334 3105 1601 3183 abbreviaturae
1619 3107 1657 3183 in
1671 3107 1786 3183 libro.

163 3221 417 3291 occurrentes,
444 3203 482 3282 dt
509 3205 658 3280 demum
678 3204 812 3278 notitia
840 3202 948 3278 datur
968 3226 1127 3291 eorum,
1162 3201 1229 3279 Aa
1257 3227 1337 3300 quos
1348 3201 1467 3302 fianii⁹
1492 3203 1624 3280 Paulus
1633 3203 1774 3306 scripfit

163 3313 265 3412 eplbs.
292 3395 297 3404 ‚
316 3303 420 3382 Folio
443 3299 599 3378 secundo
624 3298 738 3398 ipsum
761 3323 853 3396 opus
876 3301 1006 3396 incipit
1023 3299 1173 3397 gothico
1195 3302 1400 3379 charaslere
1415 3304 1454 3380 in
1469 3303 1610 3379 duabus
1628 3302 1774 3380 colum·

163 3411 222 3485 nis
247 3401 464 3501 impressum.
516 3399 629 3475 Caret
648 3398 783 3474 litteris
813 3397 1033 3483 initialibus,
1057 3397 1267 3494 signaturis,
1297 3397 1523 3486 custodibus,
1553 3403 1774 3497 paginamm

68 3555 70 3559 ,
161 3504 342 3587 numeriS,
370 3498 408 3576 dt
431 3499 630 3574 earundem
650 3496 954 3593 inscriptionibus
1000 3491 1062 3570 Ad
1083 3495 1221 3571 calcem
1246 3497 1446 3575 voluminis
1466 3499 1547 3575 haec
1566 3499 1678 3576 habes
1700 3500 1775 3576 im·

107 3665 111 3674 .
162 3595 499 3703 pressaz-Sncrorum
521 3595 774 3694 euangeliorum·
788 3592 1013 3668 dominicalia.
1034 3593 1283 3708 rpr‘jlosarumqg
1304 3592 1344 3669 dr
1359 3607 1501 3696 tempore
1519 3593 1560 3672 ss
1570 3595 1695 3694 firossr's
1704 3623 1772 3694 per

162 3702 245 3780 cori
277 3695 435 3771 circulum
492 3691 593 3796 ostilia
620 3694 768 3796 feliciter
789 3691 883 3792 finit.
965 3691 1143 3790 ingenriq3
1189 3690 1373 3768 absimitote
1410 3693 1578 3770 Actionis
1603 3693 1771 3793 kobarger

163 3792 375 3892 Nurmsrrrgr
389 3815 446 3909 po
476 3814 509 3866 a.
559 3788 664 3866 Anno
698 3813 745 3882 rc.
778 3789 830 3866 M.
845 3813 942 3865 cccc.
964 3789 1101 3866 Lxxxi.
1189 3789 1371 3866 oviffimus
1391 3792 1561 3904 scriptor,
1587 3794 1649 3889 qui
1668 3809 1772 3868 cata·

161 3897 288 3993 logu'm
310 3905 431 3970 texuit
452 3890 617 3964 omnium
642 3889 818 3964 librorum
845 3887 1097 3984 alloburgero
1118 3886 1388 3986 impressorum,
1411 3891 1521 3987 hujus
1547 3892 1669 3988 operis
1691 3916 1770 3967 non
1872 3912 1877 3920 ·

160 3992 342 4076 meminit.
410 3987 515 4065 Cous.
553 3987 647 4064 seben
677 3985 792 4062 Notou
826 3985 1017 4083 Resurgere
1043 3985 1198 4078 ibrribrn
1229 3991 1293 4062 aab
1330 3987 1449 4086 irtprsg
1479 3993 1582 4078 1786.
1611 3989 1670 4065 vel
1698 4011 1768 4086 po-

159 4097 236 4173 tius
257 4099 318 4168 boa
346 4083 589 4184 drouologlsdpr
614 4083 822 4196 fficrpeioiulfi
847 4081 1082 4194 Biographiae
1105 4084 1300 4160 adnexum.
1344 4084 1469 4162 Habet
1483 4077 1608 4162 tamen
1621 4085 1770 4166 Roede-

158 4216 223 4271 rus
242 4211 322 4290 pag.
339 4209 396 4264 αι.
424 4183 469 4261 N.
490 4208 544 4280 14.
594 4181 806 4256 Edrtronem
828 4182 949 4278 operis
968 4181 1134 4258 eusdem
1156 4194 1244 4286 nota
1270 4181 1363 4270 loci,
1384 4185 1490 4268 anni,
1520 4182 1560 4261 dr
1590 4197 1771 4284 typogra-

159 4292 222 4391 phi
246 4300 432 4366 carentem
448 4279 609 4359 recensui
623 4277 793 4357 Fascicul.
819 4277 846 4355 l.
875 4277 922 4356 N.
1044 4279 1107 4356 tx.
1143 4281 1205 4358 ubi
1239 4279 1351 4357 etiam
1392 4281 1437 4360 de
1475 4280 1619 4361 austere
1644 4286 1771 4385 operis

159 4391 330 4488 quaedam
357 4379 543 4460 adnotavi.

1591 4607 1712 4710 xlx.
1768 4687 1772 4696 .
