3832 5030
179 245 263 346 roo
725 272 765 376 .‘
814 227 1136 348 ψ

162 389 247 530 libri
269 440 449 539 capitum,
479 423 543 535 qui
563 435 784 534 terminatus
806 414 846 509 in
873 433 991 530 prima
1013 433 1135 510 ultimi
1157 433 1237 510 solii
1261 407 1426 532 paginas
1439 387 1611 536 lineaag.
1660 442 1704 518 In
1720 465 1784 520 ea·

84 588 87 595 ·
164 550 249 638 dem
273 541 407 638 pagina
425 538 562 634 legitur
585 532 742 630 Explicit
762 529 892 605 Tabula
905 531 977 608 bac.
1001 532 1039 607 ba
1065 532 1265 627 explicatio
1287 534 1377 629 quid
1400 532 1444 610 srt
1472 535 1676 635 Appalogus
1696 539 1782 713 Ἐς)

8 635 9 672 ³
164 639 416 722 Meminerunt
438 634 549 732 hujus
571 631 746 706 editionis
769 627 905 704 brutior
927 626 973 702 dv
1003 628 1188 726 Catalvgue
1211 629 1267 704 des
1293 628 1393 704 libres
1418 629 1462 705 de
1476 631 1545 727 seu‘
1563 635 1618 711 M.
1634 627 1677 710 'lc
1741 665 1783 713 ue

8 731 9 736 ,
164 725 205 816 de
227 739 262 820 la
290 731 434 814 pamm
456 733 501 809 Ν,
521 754 604 828 391.
625 728 664 806 δι
683 728 741 804 cl.
761 725 893 802 Straus
911 724 1179 802 inslsanumcna
1197 725 1409 827 Tupagranl.
1425 727 1589 827 Rtbdfffi
1614 736 1706 832 sag·
1719 763 1787 840 3¹2

164 957 373 1054 cxliv.
412 953 757 1047 Vocabularium
790 953 927 1042 latino
953 1005 969 1020 ·
991 955 1289 1070 germanicum
1316 955 1369 1044 ab
1394 957 1565 1049 incerto
1601 965 1784 1058 sonore

202 1121 204 1126 ·
270 1071 578 1187 compilatum.
611 1071 655 1156 in
679 1067 718 1158 F
723 1071 781 1158 ol.
813 1069 917 1156 min.

333 1263 473 1344 Aulion
494 1267 534 1346 in
562 1265 779 1364 praefatione
802 1263 923 1362 operi,
955 1259 1029 1370 stne
1050 1261 1126 1338 ullo
1145 1259 1276 1350 titulo,
1304 1278 1370 1344 aut
1395 1266 1649 1368 inscriptione,
1683 1298 1780 1373 prae·

164 1371 239 1448 fixa
262 1367 384 1464 operis
413 1365 463 1454 sui
486 1365 730 1450 oeconomiam
754 1359 985 1458 sequentibus
1008 1361 1131 1436 verbis
1155 1361 1340 1456 exposuit:
1368 1365 1505 1440 Nos-·
1519 1369 1774 1450 vocabularium

106 1461 107 1466 ¹
160 1480 207 1544 eia
232 1462 456 1567 diffusoribus
487 1467 651 1562 majorum
690 1455 902 1558 dogmatibus
936 1453 982 1530 ad
1006 1482 1190 1556 pauperum
1222 1481 1263 1531 ac
1291 1461 1532 1560 stmplicr'oram
1563 1466 1780 1568 philosophia

163 1557 727 1661 amatarnmpsoscblumsecundnm
748 1553 915 1654 alpszabetc'
937 1554 1085 1630 ordinem
1109 1553 1303 1632 abbreviare
1323 1559 1427 1634 multo
1455 1560 1569 1638 labore
1586 1567 1782 1665 studuimus

162 1669 199 1741 in
219 1658 496 1740 cartusiensem
518 1658 635 1760 omiffls
658 1657 870 1732 terminorum
902 1649 1182 1738 derivationibus,
1214 1656 1249 1728 in
1276 1659 1553 1735 communioribus
1599 1665 1698 1742 lanas
1724 1695 1779 1742 ea·

162 1789 238 1840 rum
275 1759 514 1859 igniscationes
536 1757 682 1856 opposta
713 1753 853 1852 vulgari
883 1749 1064 1825 tbeotonico
1088 1751 1322 1852 descrspstmus.
1390 1755 1435 1832 In
1460 1757 1513 1833 suis
1565 1793 1573 1806 ·
1607 1763 1674 1838 iltis
1691 1763 1780 1862 'pur-

163 1863 246 1936 tium
264 1859 426 1932 orationis
480 1879 609 1932 mesum
637 1852 894 1936 declinationum
918 1861 986 1938 tam
1009 1852 1175 1947 nominum
1202 1875 1301 1948 quam
1331 1853 1506 1932 verborum
1531 1871 1631 1936 notas
1652 1863 1778 1940 limeris

158 1967 392 2056 provolantes.
453 1883 514 2028 bx
548 1953 606 2028 his
645 1952 787 2034 uerbis,
825 1949 908 2044 quis
936 1947 1050 2034 suerit
1077 1947 1235 2022 auuoris
1271 1949 1423 2046 scopus,'
1442 1954 1555 2030 lelior
1579 1959 1775 2059 intelliget.

162 2057 257 2131 Cum
284 2053 388 2150 plura
412 2051 451 2131 bt
474 2049 613 2124 diversa
638 2047 710 2137 srne
731 2047 918 2122 nullorum
941 2046 1091 2120 nornine
1125 2043 1271 2121 Saeculo
1299 2048 1381 2126 XV.
1442 2054 1622 2133 rodierint
1655 2059 1778 2136 lexica

161 2153 298 2236 latina,
325 2146 580 2226 difficillimum
603 2145 672 2231 est,
702 2143 925 2239 singulorum
951 2139 1124 2242 assignare
1146 2143 1322 2220 sonores.
1431 2174 1472 2224 ec
1504 2150 1586 2228 sane
1615 2156 1778 2234 multum

158 2249 318 2336 interest.
369 2248 547 2335 Quamuis
573 2243 672 2318 enim
699 2239 882 2324 laudanda
901 2237 944 2314 su
963 2239 1160 2327 industria,
1187 2242 1309 2317 minus
1334 2252 1674 2344 tamenprobnnda
1696 2249 1778 2332 sunt

158 2348 232 2446 ipsa
255 2369 384 2444 opera,
406 2345 473 2419 his
497 2341 697 2440 presertim
716 2338 961 2434 temporibus,
991 2337 1122 2432 quibus
1145 2335 1326 2436 ejusmodi
1348 2343 1468 2418 lexica
1493 2345 1602 2444 longe
1623 2352 1778 2429 meliora
1907 2355 1908 2366 ³

18 2517 27 2537 s
158 2447 363 2542 suppetunt.
434 2441 584 2518 Servire
607 2451 733 2514 tamen
757 2437 820 2512 illa
842 2449 1016 2532 poterunt
1044 2435 1212 2530 glossaria
1235 2442 1445 2533 germanica
1469 2447 1582 2522 medii
1608 2451 1682 2524 aevi
1709 2453 1776 2527 ad·

158 2543 355 2618 ornaturis.
417 2539 469 2615 Et
491 2539 531 2614 in
556 2537 656 2612 huno
673 2535 786 2629 finem
807 2536 930 2609 minus
950 2533 1123 2628 frequens
1145 2534 1294 2612 illorum
1321 2539 1403 2614 usus
1428 2539 1602 2620 halienus
1622 2548 1774 2642 quidem

157 2640 258 2718 fuisse
278 2640 434 2714 videtur.
504 2636 611 2724 Quod
639 2633 853 2731 praesentem
888 2631 1022 2706 attinet
1055 2631 1275 2720 editionem,
1304 2659 1347 2709 ea
1373 2637 1523 2734 quidem
1543 2643 1696 2740 gothico
1723 2647 1775 2724 esi

156 2737 361 2814 chambere
386 2733 552 2832 impressa
581 2732 720 2808 chartae
751 2727 990 2842 finniffimae.
1007 2741 1047 2804 at
1071 2731 1194 2806 minus
1224 2732 1317 2808 albae
1340 2733 1379 2811 bc
1403 2736 1541 2832 politae.
1616 2742 1775 2821 Litterae·

155 2835 317 2910 initiales
345 2857 428 2909 raro
446 2833 583 2907 desunt.
652 2828 790 2908 Desunt
819 2851 908 2904 vero
932 2827 1066 2922 ubsque
1094 2827 1280 2914 custodes,
1309 2827 1521 2926 lignaturae,
1547 2839 1771 2933 paginarum

154 2933 319 3017 numeri,
344 2932 387 3009 oc
411 2929 677 3026 inscriptiones,
737 2923 1067 3002 Totumvolumen
1094 2923 1194 3002 foliis
1222 2925 1362 3002 constat
1382 2929 1557 3026 impressis
1584 2949 1664 3030 258.
1719 2939 1771 3015 Ut

153 3031 307 3106 discerni
331 3032 409 3104 -hoc
442 3026 717 3102 vocabularium
741 3025 786 3100 ab
812 3024 894 3098 aliis
922 3016 1071 3119 possit..
1104 3024 1249 3100 uaedam
1282 3049 1329 3100 ax
1353 3052 1398 3101 eo
1421 3028 1528 3128 juvat
1557 3055 1769 3133 excerpere.

152 3127 335 3204 Flanaticus
359 3126 396 3200 id
419 3130 459 3226 esi
479 3124 640 3223 ydolatsa
663 3122 716 3196 vel
735 3125 837 3222 custos
850 3121 941 3216 sani.
991 3118 1041 3194 Et
1069 3045 1193 3196 dicitur
1218 3145 1249 3203 a,
1278 3147 1362 3198 anm
1385 3150 1408 3200 a
1427 3127 1573 3226 suntid
1598 3133 1768 3230 essappu-

149 3252 222 3303 sere
238 3225 458 3323 fantasmata.
497 3265 540 3276 -
583 3221 798 3319 geometricus
827 3221 884 3293 ain
906 3215 1075 3318 Kinsliges
1100 3216 1160 3294 des
1182 3219 1347 3318 messing.
1376 3265 1420 3277 -
1463 3225 1618 3304 merenda
1642 3233 1770 3330 mittvg

148 3324 241 3425 esea.
269 3367 315 3378 -
340 3322 507 3421 pumisam
534 3317 666 3416 bimscn.
692 3323 737 3426 5
770 3319 891 3414 psrnire
910 3317 1061 3418 piniger.
1089 3343 1183 3391 -s
1220 3321 1327 3394 orium
1353 3323 1394 3493 cll
1416 3321 1564 3397 cultcbas
1587 3351 1679 3422 quem
1705 3327 1770 3406 tat

147 3421 277 3518 rasores
300 3421 515 3520 vcl'tbnsoscs
536 3420 572 3492 in
590 3413 715 3492 balnea*
724 3419 783 3514 qui
804 3417 872 3514 asia
896 3418 968 3518 naie
988 3412 1115 3490 dicitur
1133 3440 1173 3488 sa
1188 3441 1219 3489 ro
1236 3444 1289 3490 um
1315 3413 1355 3512 sc
1378 3417 1495 3518 arsacis
1529 3461 1570 3481 -
1592 3423 1768 3526 spilingus

110 3553 112 3556 ,
145 3523 187 3619 ³st
210 3515 312 3594 arbor
334 3517 472 3692 quledam
490 3516 642 3616 ‚aruling
661 3515 757 3592 baum
782 3511 959 3616 (iberum)
992 3513 1082 3588 tinea
1103 3509 1159 3590 ds
1179 3517 1379 3622 urslimtasisi
1400 3519 1520 3595 vermis
1541 3518 1633 3598 dicta
1648 3525 1701 3625 sc
1725 3551 1765 3601 eo

145 3639 188 3717 qo
206 3630 315 3694 teneat
336 3644 375 3694 ve
408 3621 526 3694 aneas.

144 3761 330 3918 CXLV.
378 3769 700 3918 Dibtionarium
736 3753 937 3935 latinum,
985 3817 1306 3916 Vocabalarius
1335 3746 1764 3944 Breuiloqaas,ud·

200 4071 204 4080 .
258 3940 498 4056 pellatam,
522 3941 565 4026 in
597 3940 635 4030 F
640 3946 699 4032 ol.

246 4141 269 4158 “
296 4134 452 4232 Paginae
475 4133 624 4234 snguine
648 4138 688 4215 in
712 4140 803 4216 duas
832 4140 1022 4216 columnas
1053 4133 1229 4215 distinnae
1249 4133 1340 4212 sunt.
1400 4131 1441 4206 ln
1468 4130 1592 4246 prima
1616 4129 1763 4212 colum.

132 4246 181 4308 ria
197 4231 332 4310 auersae
360 4235 470 4331 primi
490 4235 571 4312 solii
599 4236 744 4334 paginae
766 4237 839 4314 sane
865 4238 940 4316 ullo
959 4236 1070 4314 titulo
1096 4237 1231 4335 legitur
1254 4236 1376 4324 edint
1393 4256 1432 4316 s,
1459 4253 1535 4342 non
1559 4225 1669 4324 rpsrus
1688 4253 1761 4310 au·

132 4329 264 4419 liaris,
301 4333 492 4432 praefatio,
521 4353 576 4408 ‘ex
604 4335 890 4433 quadiscimus,
921 4333 1074 4413 Basileae
1099 4334 1263 4411 omniurn
1319 4338 1486 4424 rmnty
1511 4349 1544 4402 rs
1576 4327 1759 4412 excusum

129 4426 232 4504 fuisse
256 4429 327 4504 1¹⁰⁰
351 4433 636 4515 vocabularium.
691 4432 753 4508 An
780 4457 868 4510 vero
889 4435 970 4510 haec
998 4435 1117 4510 nostra
1140 4432 1254 4511 editio
1279 4357 1325 4507 bc
1346 4433 1409 4505 illa
1433 4349 1509 4523 ipb
1530 4425 1652 4523 prima
1673 4426 1757 4502 Ba-

130 4523 304 4614 srleenfis,
334 4551 409 4603 non
429 4527 541 4608 ausam
568 4531 772 4612 adfirmare.
819 4532 948 4611 Potuit
971 4533 1071 4612 enim
1095 4531 1265 4632 praefatio
1288 4533 1420 4628 primae
1444 4523 1599 4605 editioni
1622 4527 1762 4694 purnes--

259 4669 263 4676 ·
1643 4645 1668 4696 x
