3790 5030
411 303 417 316 ·
766 217 1092 360 ἐξ.
1424 219 1506 260 ”
1657 245 1760 364 aa·-

457 391 461 398 ’
555 502 556 511 Ν
684 387 914 516 ᾺΝΝΟ
991 455 1230 550 1479.Δ
1695 467 1721 496 2¹
1836 443 1838 452 ⁴

104 625 147 718 I.
172 618 541 717 'constitutiones
568 622 810 713 Clementis
831 622 892 718 V.
919 651 1019 716 cum
1044 649 1261 744 apparatu.
1281 625 1380 740 Joh.
1406 565 1611 730 indice.
1644 637 1737 728 Ac-

231 741 394 828 cedunt
417 734 765 848 Excravagantes
791 741 879 830 fine
913 739 1074 840 Glolla,
1109 737 1334 837 ›Venetiis
1353 743 1543 863 perJoh.
1571 757 1626 843 de
1649 754 1737 842 Co.

228 855 372 960 ionia,
398 850 444 942 ὅτ
463 850 564 968 Joh.
588 853 803 944 Mantinon
827 882 925 946 ann.
958 881 1096 972 1479.
1120 859 1164 946 in
1189 857 1295 954 Fol.
1318 885 1458 992 magn.

274 1049 316 1126 In
341 1047 467 1124 aversa
494 1046 605 1145 primi
634 1047 715 1124 folii
750 1050 884 1147 pagina
916 1048 983 1124 Ad
1001 1049 1270 1154 ,Sereniffinmnrt
1300 1079 1340 1128 uc
1362 1056 1489 1156 inclyti
1520 1058 1733 1145 Uenetiarum

104 1146 302 1246 Principem
326 1145 510 1222 Dominam
527 1141 735 1249 ffoiannem
750 1147 980 1224 Morenicnm:
1007 1151 1041 1224 in
1064 1175 1184 1225 nonam
1213 1148 1441 1253 Cienrentina4
1463 1155 1732 1258 instaurationem

105 1245 207 1322 Petri
226 1243 405 1344 albignani
473 1243 575 1338 esatio
597 1245 765 1339 filiciter,
810 1243 853 1323 sc.
888 1247 1037 1344 incipit,
1078 1269 1162 1346 quae
1187 1271 1265 1324 vox=
1285 1275 1333 1326 ex
1358 1275 1482 1346 errore
1506 1271 1549 1353 ty
1576 1267 1730 1361 ographi

104 1343 237 1420 omiffa
261 1343 323 1429 est.
376 1343 429 1418 Fo
447 1342 521 1417 'um
544 1341 741 1419 secundum
763 1345 803 1420 in
826 1345 947 1419 nostro
969 1346 1172 1444 exemplari
1195 1348 1303 1424 deest.
1365 1348 1506 1428 Textus
1561 1357 1731 1440 lementi·

103 1465 242 1520 narum
263 1440 414 1538 gothico
441 1440 592 1537 quidem
617 1441 824 1519 charastere
847 1444 957 1537 paulo
978 1443 1130 1545 majori,
1156 1443 1216 1521 sed
1247 1445 1434 1524 luculento
1467 1453 1667 1533 admodum
1691 1461 1731 1540 &

103 1540 336 1640 pereleganti
360 1537 401 1614 in
421 1536 564 1615 duabus
594 1539 777 1616 columnis
804 1541 945 1617 cltastae
971 1564 1142 1638 magnae,
1181 1543 1219 1620 dc
1254 1545 1549 1642 praestantiffimae
1580 1553 1631 1630 est
1661 1557 1730 1633 im'·

103 1637 258 1738 prelius.
310 1635 433 1716 Glossa
459 1635 668 1714 charastere
692 1639 826 1714 minori
850 1637 1017 1735 impressa
1043 1653 1202 1737 quatuor
1224 1645 1410 1738 margines
1437 1664 1604 1744 occupat.
1657 1655 1730 1731 lni-

103 1737 216 1814 tiales
245 1735 382 1814 litterae
415 1735 454 1811 in
485 1747 595 1811 textu
617 1734 763 1812 desunt:
804 1738 844 1812 in
874 1736 986 1832 glolia
1014 1740 1112 1814 vero
1130 1761 1264 1835 parvas
1292 1745 1547 1840 typographus
1574 1747 1727 1847 adjecit,

127 1838 168 1912 ui
193 1835 309 1912 etiam
330 1833 421 1912 solia
439 1831 606 1930 signavit.
653 1833 850 1922 Custodes,
884 1834 923 1912 dc
948 1837 1166 1932 paginarum
1188 1839 1349 1925 numeri,
1372 1845 1646 1943 earundemque
1671 1851 1727 1927 in·
1761 1929 1775 1940 ,

100 1857 319 2032 icriptiones
347 1932 484 2008 desunt.
557 1931 752 2022 Rubric'ae,
783 1953 867 2031 quae
893 1947 1091 2021 vocantur,
1117 1934 1198 2010 sunt
1220 1937 1335 2012 etiam
1359 1939 1468 2014 rubro
1501 1943 1625 2020 colore
1656 1949 1727 2024 im·

101 2031 239 2130 preliae.
290 2017 433 2108 Piaeter
456 2029 630 2128 punitum
657 2032 771 2108 etiam
795 2035 868 2108 duo
897 2031 1030 2130 punita
1053 2046 1263 2109 occurrunt.
1345 2035 1385 2110 ln
1416 2033 1490 2112 line
1513 2041 1646 2119 Glonae
1675 2045 1727 2123 se·

102 2154 222 2228 quens
242 2129 378 2228 legitur
401 2131 554 2214 notitia,
581 2128 716 2205 litteris
739 2131 872 2204 iisdem
897 2130 1035 2226 vquibus
1062 2129 1201 2214 Glolia,
1229 2131 1394 2228 impressa
1403 2159 1417 2207 ¹:
1444 2133 1539 2233 Opus
1559 2133 1725 2218 clementi-

103 2255 216 2325 narn3
238 2227 402 2326 impendio
425 2223 605 2337 Joiannis
629 2225 670 2301 de
700 2229 831 2302 colonia
861 2225 1082 2332 Joisannisqg
1116 2228 1316 2304 moriende
1347 2227 1735 2406 Gimetpmstnarum'

9 2333 10 2338 ’
109 2325 259 2406 Uenetits
285 2323 470 2427 impseffirm
484 2324 633 2420 feliciter
651 2325 810 2424 explicit:
833 2351 901 2402 orta
929 2352 1003 2400 cum
1032 2338 1199 2424 apparatu
1223 2324 1351 2402 domini
1378 2325 1447 2434 KJo.
1472 2331 1534 2408 An
1560 2358 1630 2412 ree:
1658 2365 1724 2438 per
1791 2401 1794 2406 .

103 2425 397 2528 excelientiffimnm
431 2424 516 2498 iteris
541 2422 692 2520 atriusqg
720 2423 881 2500 dotloeem
906 2423 1074 2498 dominnm
1096 2423 1232 2500 Petrum
1260 2423 1446 2525 albignansi
1467 2435 1603 2508 trecium
1625 2429 1724 2515 acere·

107 2525 268 2640 ratiffima
290 2522 468 2623 diligentia
491 2519 706 2597 emendatum.
733 2523 792 2620 aij.
818 2523 894 2597 idus
914 2519 1026 2628 Junci
1047 2522 1102 2598 M.
1119 2520 1358 2600 cccceLxxiae.
1424 2523 1563 2606 Aversa
1614 2539 1725 2632 agina

102 2623 182 2698 solu
209 2624 251 2698 in
276 2646 349 2721 quo
371 2621 452 2697 haec
476 2621 666 2716 leguntur,
692 2645 810 2697 vacua
831 2621 891 2699 est.
945 2621 988 2696 ln
1011 2619 1171 2718 sequenti
1192 2645 1281 2697 vero
1302 2622 1392 2698 folio
1417 2623 1559 2703 seorsim
1584 2556 1721 2716 iitteris
1809 2723 1812 2734 1

103 2723 259 2802 iisdem,
287 2721 420 2817 quibus
446 2731 574 2794 textus
594 2718 915 2804 constitutionum,
939 2721 978 2794 in
1003 2721 1144 2795 duabus
1161 2720 1342 2797 columnis
1357 2721 1535 2819 impressae
1551 2725 1723 2828 Incipiunt

104 2817 284 2894 decretales
306 2828 567 2916 extravagantes
590 2839 652 2914 que
679 2830 877 2892 entanarant
900 2821 971 2919 post
991 2815 1137 2912 fisclum.
1217 2816 1343 2916 Atque
1364 2820 1423 2896 hae
1446 2824 1595 2917 quidem
1619 2831 1720 2906 foliis

101 2915 277 3014 impressis
316 2915 489 2992 undecim
522 2913 602 2988 sunt
633 2915 876 3011 comprehens
906 2973 915 2990 .
998 2915 1036 2990 ln
1061 2915 1133 2991 fine
1152 2918 1296 2992 accedit
1317 2917 1505 3018 Regiflrum
1525 2921 1719 3004 chartarum

101 3016 380 3090 clementinorum.
443 3014 498 3088 De
523 3013 686 3088 editione
709 3013 779 3090 hac
809 3013 900 3088 nihil
925 3013 1063 3088 habene
1082 3013 1271 3088 Maittaise
1296 3013 1334 3092 dc
1358 3017 1528 3102 Orlandi,
1556 3023 1610 3098 Cl.
1643 3027 1718 3103 Ge.

101 3116 243 3192 meiner
271 3119 305 3190 tn
332 3112 550 3204 fflcdrridnten
575 3127 639 3186 ton
666 3118 730 3186 ben
757 3118 790 3186 in
822 3119 875 3188 cet
904 3113 1154 3210 migentiutget
1187 3110 1487 3205 &rescinderint
1516 3119 1718 3215 icentunae

99 3213 260 3304 ididem
283 3212 353 3288 dcc.
377 3232 459 3308 pag.
488 3234 545 3304 29.
567 3209 747 3286 tredecim
766 3223 957 3302 enumerat
985 3209 1094 3308 hujus
1116 3209 1245 3309 operis
1261 3210 1475 3302 editiones,
1502 3238 1593 3316 quas
1617 3219 1717 3298 inter

99 3321 226 3388 tamen
250 3309 372 3388 nostra
394 3331 470 3384 non
494 3306 693 3404 reperitur.v
1318 3329 1335 3348 f

100 3535 161 3626 ΙΙ.
197 3498 450 3625 Concordia
490 3523 825 3617 discordantium
863 3524 1115 3633 canonum,
1150 3521 1223 3616 seu
1258 3517 1481 3621 decretum
1519 3530 1714 3630 Gratiani

214 3675 314 3738 cum
345 3641 501 3750 Glolia.
569 3639 773 3734 Veneriis
802 3663 881 3753 per
908 3637 1011 3754 Joh,
1040 3642 1094 3727 de
1118 3641 1330 3752 Colonia,
1365 3645 1410 3735 dc
1445 3645 1549 3762 Joh,
1582 3651 1712 3746 Man.

209 3753 331 3857 tien.
361 3787 486 3876 1479.
515 3760 560 3846 in
582 3755 622 3846 F
625 3759 684 3845 ol,
713 3779 855 3867 magn.
990 3869 1005 3902 s
1096 3791 1103 3800 ·
1692 3775 1697 3788 ·

193 4024 197 4030 .
253 3959 369 4058 Typi,
396 3957 544 4041 charta,
572 3952 696 4032 &alia
717 3953 861 4039 omnia,
885 3971 970 4049 quae
986 3951 1032 4026 ad
1049 3962 1240 4028 externam
1265 3948 1622 4052 speuantrorma-m,
1649 3987 1734 4041 ear

92 4065 176 4140 dem
199 4057 341 4136 suntin
363 4058 435 4132 hoc
458 4077 586 4152 opere,
617 4051 762 4150 quaein
785 4049 1021 4146 praecedenti.
1105 4049 1146 4124 ln
1173 4049 1298 4126 aversa
1331 4056 1439 4149 primi
1470 4058 1554 4135 folii
1575 4063 1708 4158 pagina

9 4223 10 4228 ,
92 4159 156 4236 Ad
179 4155 406 4235 celeberrimos
422 4149 689 4250 iurisconsultus:
718 4144 849 4245 suosqg
867 4148 1047 4244 municipes
1071 4145 1260 4223 Brixianos
1285 4151 1320 4224 in
1349 4162 1439 4228 nona·
1459 4156 1627 4256 Decrcto4
1644 4160 1707 4233 im·

9 4305 10 4336 1
95 4257 227 4362 pffloni.
271 4255 366 4331 Petri
391 4247 586 4350 Albignani
615 4244 724 4321 Trecii
741 4242 907 4328 Preesmio
927 4244 1094 4339 feliciter,
1123 4244 1166 4321 sc.
1196 4246 1336 4344 incipit.
1389 4247 1449 4326 Ad
1473 4255 1611 4330 calcem
1632 4269 1707 4331 ter.

9 4385 11 4428 s
90 4361 153 4436 tiae
176 4355 297 4456 partis
315 4350 490 4432 'Decreti
521 4344 756 4424 distiniilonis
787 4329 832 4420 V.
870 4340 1186 4448 litteris-iisdem,
1216 4345 1348 4444 entibus
1369 4357 1513 4436 textus,
1538 4352 1728 4447 imprelia.

9 4457 11 4478 '
89 4459 123 4532 le
150 4458 225 4531 itur
254 4451 406 4550 sequens
437 4448 588 4523 notitia:
618 4441 811 4542 impendio:
843 4466 883 4515 ac
914 4437 1116 4518 liberalitate
1145 4433 1303 4554 Joddnis
1333 4442 1467 4518 Colanie
1495 4449 1702 4547 agrippine.

9 4507 12 4692 ι
91 4483 288 4661 Jiisinisq3
314 4545 484 4626 Mantinea
509 4541 715 4643 Girretgem:
742 4562 796 4643 err
809 4537 926 4712 ilinstgi
949 4563 990 4614 ae
1013 4540 1176 4641 populosa
1204 4544 1380 4636 germania
1414 4545 1575 4642 originem
1607 4546 1705 4624 daci·

9 4699 10 4712 ,
791 4683 794 4688 -
941 4659 964 4716 2
1224 4684 1229 4692 =
1556 4648 1658 4721 tium:

9 4725 11 4764 l
