3788 5034
103 245 198 338 que
223 219 269 308 in
300 241 393 310 rem
423 209 541 323 ium
568 198 652 328 ede
680 202 912 331 put‘a'bap't,
960 193 1050 326 iili,
1086 203 1360 335 ,misaempis
1387 204 1561 328 decimo
1585 219 1731 340 sextu,

107 353 349 444 &decimo
379 346 564 466 septimo
592 341 867 436 scientiarum
891 348 1195 440 restauratores
1222 348 1316 442 sunt
1338 354 1462 452 disti
1518 357 1582 448 Hi
1612 368 1732 460 enim

108 499 242 612 saepe,
276 489 455 597 omiffis,
486 515 580 606 quae
596 488 640 578 in
660 511 858 580 veterum
876 492 996 581 libris
1012 511 1086 580 aut
1106 489 1339 612 superflua,
1371 499 1602 592 autminus
1628 528 1730 623 apta

115 634 170 720 ad
199 627 494 776 propofitum,
533 645 618 714 aut
651 626 787 714 etiam
813 621 1012 736 insulse,
1033 627 1119 718 δι’
1107 637 1355 740 rgnotante'r
1384 629 1731 744 dinumerant,

112 770 281 886 optima
303 788 484 884 quaque
513 787 568 851 ex
597 763 685 852 illis
720 761 1045 898 excerpserunt,
1092 769 1335 884 eademque
1363 769 1538 857 meliori
1575 777 1732 864 ordine

116 909 342 1027 dispofita,
372 933 425 997 ac
450 901 547 995 stilo
565 900 841 991 concinniorr
827 900 1079 992 elaborata
1097 905 1345 1011 edidemnt,
1374 931 1591 1021 nunquam
1617 903 1738 999 forte

112 1043 332 1160 scripturi,
356 1039 434 1130 nifi
460 1057 660 1128 veterum
688 1033 743 1122 de
766 1032 924 1124 iisdem
952 1034 1145 1124 materiis
1166 1038 1326 1142 libros,
1355 1057 1561 1176 tanquam
1587 1061 1732 1134 exem·

113 1184 276 1358 plania,
301 1173 561 1306 imperfedt'a
582 1151 783 1294 quidem,
814 1191 916 1264 ante
945 1177 1102 1266 oculos
1127 1171 1411 1278 habuiffent,

226 1537 293 1630 Ut
314 1563 422 1676 vern
454 1532 555 1624 lssrri
576 1529 746 1623 Saeculo
770 1531 874 1630 XV.
912 1555 1121 1656 typomm
1154 1533 1357 1650 formulis
1391 1537 1534 1630 exeun
1559 1541 1738 1636 univer-'¹

104 1675 190 1767 'fim
233 1679 288 1766 ad
325 1673 636 1778 illustrandam,
680 1674 815 1761 medii
846 1679 1035 1766 maxime
1068 1679 1170 1784 avi,
1217 1675 1435 1767 historiam
1477 1674 1737 1790 litterariam

116 1799 328 1919 serviunt,
372 1812 437 1899 ita‘·
463 1808 674 1922 imprimis
699 1805 917 1901 historiam
941 1811 1148 1906 illustrant
1174 1813 1428 1904 litterariam
1455 1810 1597 1906 saculi
1621 1816 1737 1931 ejus.

118 1949 239 2051 dem,
271 1971 358 2060 quo
382 1961 531 2032 renata
552 1937 648 2029 sunt
677 1938 791 2058 inter
816 1939 1059 2058 Europaeos
1093 1945 1355 2060 optimarum
1375 1945 1629 2055 artiurrr„&
1653 1943 1736 2040 lin·

118 2105 317 2194 guarum,
348 2105 492 2194 graecae
514 2073 745 2190 imprimis,
771 2071 816 2162 a
841 2074 1006 2186 latinae,
1033 2079 1184 2170 liudia.
1253 2079 1324 2170 Ex
1352 2078 1475 2169 libris
1507 2085 1738 2178 certehoe

120 2223 278 2312 eodem
304 2213 463 2307 iaculo
487 2211 783 2330 frequentius,
831 2215 905 2302 'aut
932 2216 1074 2305 minus
1099 2213 1354 2334 frequenter
1383 2217 1589 2333 impreffis
1614 2220 1738 2315 disci·

118 2383 239 2464 mus,
270 2355 366 2472 quis
393 2372 486 2441 tum
512 2345 645 2438 fuerit
669 2344 900 2438 nouorum
922 2347 1148 2440 hominum
1175 2353 1317 2466 gustus
1340 2353 1386 2442 in
1410 2354 1584 2446 litteris.
1646 2358 1739 2454 Ne·

120 2498 210 2608 gari
239 2495 414 2614 quidem
432 2513 524 2578 non
546 2486 709 2604 potest,
750 2513 946 2600 magnam
972 2510 1141 2604 partem
1169 2489 1400 2598 librorum,
1448 2493 1639 2610 quitum
1666 2497 1738 2590 sa.

122 2637 221 2750 pius
245 2629 339 2722 sunt
365 2627 486 2743 typis
510 2625 674 2727 excuti,
700 2647 852 2736 parum
872 2619 1032 2714 servire
1065 2629 1119 2716 ad
1148 2625 1392 2717 illustranda
1423 2631 1574 2721 nostrae
1597 2637 1738 2726 aetatis

122 2761 314 2883 ingenia}
366 2767 470 2879 quin
497 2759 698 2850 nauseam
736 2781 886 2846 creare
919 2757 1161 2852 redonnus
1191 2765 1368 2855 meliori
1394 2767 1514 2881 gustu
1534 2769 1737 2877 imbutis,

94 2989 95 2992 γ
124 2901 325 3021 eoquod
353 2897 449 2988 stilo
480 2894 558 2985 fint
593 2891 739 3010 scripti
770 2889 975 3002 barbaro,
1023 2895 1371 2991 &inconcinna
1448 2903 1740 3000 Attamen&

123 3045 233 3136 illud
254 3041 315 3132 est
338 3035 695 3141 concedendum,
739 3029 908 3145 optima
932 3061 1112 3170 quaeque
1134 3041 1409 3159 antiquitatis
1428 3066 1734 3163 monumenta,

124 3192 259 3282 latina
285 3183 495 3302 imprimis
526 3183 570 3271 δι
601 3203 757 3293 graeca,
802 3177 893 3267 haec
928 3183 1105 3298 quidem
1135 3182 1367 3277 maximam
1402 3207 1571 3304 partem
1600 3191 1737 3280 latine

125 3323 267 3430 versa,
292 3321 381 3436 jam
404 3339 497 3407 tum
520 3313 643 3406 fuiffe
671 3317 790 3406 edita
812 3314 857 3404 in
878 3317 1040 3408 lucem.
1110 3321 1202 3426 Qui
1238 3325 1413 3413 annales
1453 3325 1737 3442 typographi·

128 3491 209 3554 cos
236 3461 491 3568 Maittairii,
537 3462 753 3566 Orlundii,
797 3457 1076 3565 Chevilierii,
1103 3457 1404 3574 Marchandii,
1435 3465 1737 3572 Meermanni‚

129 3601 342 3696 &similia
362 3604 543 3692 aliorum
579 3631 714 3718 opera
736 3606 812 3693 vel
836 3599 1023 3716 fugitivo
1051 3601 1184 3690 oculo
1211 3599 1342 3692 semel
1371 3597 1618 3718 pervo'luit,
1658 3609 1745 3696 ub·'

130 3741 385 3840 servaverit,
414 3737 581 3828 neceffe
602 3745 690 3850 est,
708 3741 795 3854 jam
820 3761 920 3828 ante
936 3765 1092 3829 aunum
1117 3754 1245 3848 1480.
1270 3739 1436 3854 optima
1457 3769 1639 3860 ‚quaque
1662 3771 1738 3833 ve·

131 3901 271 3972 terum
309 3877 563 3995 scriptorum
598 3896 886 3968 monumenta
919 3875 1245 3994 typographicae
1273 3879 1376 3966 artis
1407 3877 1626 3970 beneficio
1658 3907 1737 3998 pet
1817 3897 1847 3984 s

20 4051 21 4054 ¹
133 4015 358 4133 Europam
380 4013 501 4106 fuiffe
526 4012 721 4131 dispersa.
782 4016 1030 4107 Graecorum
1060 4009 1316 4128 scriptorum
1339 4036 1623 4109 monumenta
1653 4021 1739 4110 ori·

135 4163 292 4279 ginalia
312 4155 444 4251 serius
470 4156 673 4275 quidem,
710 4181 793 4244 nec
816 4151 892 4242 nifi
917 4175 1136 4269 perpauca
1159 4173 1258 4242 ante
1281 4179 1437 4246 anuum
1463 4158 1737 4276 msam-typis

134 4299 324 4416 imprimi
358 4316 580 4412 ceperunt.
664 4289 830 4382 Verum
862 4293 906 4379 id
933 4318 1023 4377 non
1055 4287 1159 4377 inde
1182 4287 1330 4394 venit,
1375 4293 1493 4406 quod
1522 4285 1754 4384 defuerint

137 4437 209 4525 illa
234 4451 361 4521 aetate
386 4429 472 4521 viri
509 4453 643 4542 graece
681 4423 821 4533 dotti,
864 4426 949 4514 illis
985 4421 1187 4529 edendis,
1230 4418 1568 4535 &corrigendis
1597 4449 1752 4536 pares,

1573 4557 1613 4648 F
1616 4583 1703 4655 uer
