3832 5030
834 244 1161 371 ψ

15 509 16 526 ,
65 536 74 552 ,
189 459 231 537 I'n
244 456 362 558 prima
373 453 564 554 sequentis
577 453 658 533 folii
674 443 1028 554 pagina'Hubertini
1044 457 1092 532 ad
1101 455 1250 537 Bonum
1265 449 1481 534 Accursrum
1504 452 1642 552 legitur
1663 441 1808 551 'episto-

189 557 248 652 la,
273 575 321 633 ex
344 561 416 654 qua
442 555 630 641 discimus,
667 556 765 630 hunc
814 555 937 630 uidem
966 554 1020 629 illi
1043 557 1091 630 ad
1119 554 1203 630 susci
1231 555 1381 630 iendum
1402 557 1474 631 ltoc
1497 577 1591 652 opus
1615 547 1805 628 sudorem

189 653 301 764 fuisse.
348 653 493 766 Scripta
514 652 564 766 est
586 653 667 728 haec
690 577 839 765 epintssla
864 649 1064 764 Mediolani.
1092 653 1155 728 r'r'r'r‘.
1180 577 1266 728 slas.
1290 650 1472 765 llugujlns.
1518 651 1562 728 ln
1585 647 1711 760 auersa
1737 650 1805 722 de·

189 776 293 830 mum
316 773 450 848 pagina
473 750 553 825 foln
574 747 740 847 ejusdem
768 750 899 845 mciprt
918 750 1116 826 Hubertini
1139 749 1360 826 introduttro
1381 750 1551 847 quaedam
1577 748 1618 824 iu
1637 767 1806 846 pnmum

189 853 326 936 librum
349 846 590 946 Epistolarum
612 847 804 927 Ciceronis
834 849 882 922 ad
907 847 1122 934 Lentulum,
1148 869 1232 944 quae
1255 848 1475 924 terminatur
1494 848 1535 924 in
1556 846 1675 943 prima
1698 840 1807 918 tertii

125 983 129 988 ·
189 949 270 1026 solii
293 947 445 1044 pagina,
486 945 584 1022 linea
616 970 675 1041 23.
752 946 859 1032 Quod
894 943 1048 1041 superest
1080 942 1190 1042 hujus
1219 943 1300 1021 solii
1333 946 1510 1041 spatium,
1553 943 1606 1020 est
1628 961 1804 1018 vacuum.

190 1049 331 1135 Quarto
362 1042 512 1121 de'mum
535 1043 625 1118 solio
646 1041 730 1140 ipsae
753 1042 935 1137 incipiunt
954 1041 1114 1138 epistolae
1137 1066 1223 1118 curn
1248 1043 1535 1120 commentariis
1586 1037 1684 1116 Cum
1709 1037 1802 1120 iliae.

190 1157 270 1220 tum
295 1143 376 1216 haec
402 1141 481 1217 sunt
512 1162 665 1216 romano
689 1139 913 1226 choraltere,
954 1140 1029 1216 illae
1056 1139 1210 1238 majori,
1245 1141 1326 1216 haec
1350 1142 1503 1225 minori,
1532 1149 1690 1234 utroque
1716 1157 1802 1231 per-

191 1241 370 1336 eleganti,
396 1237 562 1335 impressa
576 1239 715 1314 chartae
741 1238 940 1312 admodum
962 1238 1101 1314 nitidae.
1152 1239 1316 1314 Initiales
1333 1237 1488 1324 litterae,
1514 1235 1700 1318 custodes,
1733 1255 1804 1306 nu·

190 1339 283 1416 meri
320 1337 359 1416 δι
395 1331 646 1433 inscriptiones
687 1336 901 1432 paginarum
939 1334 1077 1410 desunt.
1155 1337 1313 1412 Chartas
1345 1333 1599 1432 typographus
1631 1329 1805 1426 fignavit.

14 1489 15 1520 ι
191 1437 333 1516 Praeter
355 1434 527 1533 punslum
546 1435 659 1510 etiam
683 1435 756 1508 duo
780 1431 909 1529 punsla
935 1447 1143 1510 occurrunt.
1224 1431 1458 1530 Dipbtongus
1484 1456 1523 1504 ne
1545 1427 1713 1526 expressa
1737 1425 1802 1500 est.

14 1553 15 1560 ’
54 1572 58 1582 ·
191 1533 253 1611 Ad
276 1531 468 1609 calcemE
495 1532 681 1606 istolarum
705 1531 786 1606 haec
808 1543 950 1604 tantum
979 1529 1169 1624 leguntur:
1203 1531 1349 1608 Veneriis
1364 1555 1427 1627 per
1442 1529 1627 1628 Baptiflom
1644 1523 1687 1598 de
1714 1519 1803 1598 Tor·

14 1663 15 1688 ¹
189 1634 244 1709 tis.
274 1630 330 1710 M.
350 1627 450 1707 CCC
477 1627 707 1704 .LXXXII.
730 1625 783 1701 die
806 1628 922 1741 ccxliii.
948 1627 1051 1703 Maii.
1122 1630 1163 1706 ln
1185 1627 1311 1706 aversa
1337 1630 1472 1740 pagina
1496 1623 1663 1722 ejusdem
1695 1619 1798 1704 solii,

190 1728 646 1924 ls‘llsnhplillgllg‘ll
668 1727 874 1900 llltsts
889 1719 1803 1999 sels?sspsllsstslzsslllitlsz
1902 1825 1903 1840 ψ

15 2003 36 2022 κ
191 1925 359 2002 oratione
380 1923 514 2019 ligata,
536 1922 695 1998 versibus
719 1923 892 1998 nimirum
917 1920 1096 2007 distichis,
1190 1924 1227 1998 in
1258 1921 1382 1998 aversa
1404 1919 1570 2018 ejusdem
1588 1916 1676 1990 soln-
1694 1935 1801 2010 pagi·
1902 1999 1903 2002 p

14 2019 43 2104 Γ
151 2097 153 2104 ,
191 2046 240 2100 na
272 2021 381 2119 paulo
414 2034 500 2097 ante
537 2023 700 2096 medium
727 2021 858 2095 Petrus
892 2017 1080 2095 Antonius
1107 2019 1309 2120 Palatinus.
1337 2018 1376 2095 S.
1393 2019 1437 2093 D.
1464 2014 1662 2092 Oslaviano
1686 2011 1801 2086 Vico·
1902 2011 1903 2062 l

14 2181 18 2220 ,
72 2137 76 2147 ’
189 2132 355 2200 mercato
369 2117 629 2217 jurisconsulto
649 2117 845 2214 praestanti.
897 2117 993 2191 Sunt
1014 2129 1137 2194 autem
1162 2119 1242 2194 otto
1268 2116 1418 2193 disticha
1433 2114 1633 2190 inlaudem
1654 2109 1802 2186 Huber-

190 2221 281 2304 tini,
295 2216 460 2389 hejusque
485 2217 617 2313 operis.
681 2209 840 2291 Accedit
859 2213 899 2290 in
923 2212 1043 2312 prima
1068 2215 1192 2295 ultimi
1212 2215 1293 2293 solii
1313 2215 1447 2313 pagina
1475 2210 1681 2312 rte-gistrum,
1705 2205 1801 2290 scili·

190 2331 294 2395 cetc
322 2328 494 2392 amarum.
1277 2345 1283 2358 ·

186 2521 328 2616 XXV.
374 2521 476 2610 Pars
507 2519 735 2636 Hyemalis
762 2515 976 2612 Brevi'arii
1009 2519 1283 2638 Frisrngenfis
1318 2523 1609 2639 Babenbergae
1638 2523 1811 2634 (Bam--

301 2635 471 2750 berge)
499 2633 693 2752 impressa
718 2663 795 2752 per
819 2634 1058 2728 Henricum
1082 2639 1402 2730 Petzensteiner
1427 2639 1470 2729 &
1501 2637 1796 2755 jansenian-

189 2808 195 2816 ι
304 2751 501 2844 schmidt.
536 2779 632 2841 ann.
667 2757 789 2864 1482.
817 2753 863 2838 in
888 2773 982 2862 4to,

348 2945 573 3022 Praemissum
591 2945 641 3022 est
664 2944 923 3022 calendarium
946 2945 1234 3028 Ecclefiasticum
1260 2948 1320 3027 sex
1353 2953 1454 3032 soliis
1485 2947 1796 3052 comprehensum.

188 3043 283 3122 Tum
302 3041 463 3142 sequitur
485 3044 717 3129 psalterium,
741 3043 885 3141 aliaque
903 3045 1057 3121 Cantica
1082 3046 1339 3127 Ecclesiastico.
1404 3054 1497 3130 Haec
1520 3051 1711 3148 excipiunt
1735 3048 1797 3121 Li·
1901 3063 1902 3148 s

187 3145 300 3220 taniae
328 3145 374 3230 dc
396 3142 566 3218 omnibus
587 3143 748 3229 Santtls,
792 3142 983 3238 &preces
1020 3145 1068 3243 ad
1101 3145 1224 3222 horas.
1288 3148 1382 3224 Tum
1411 3150 1608 3246 sequuntur
1632 3146 1798 3242 Hymni,

187 3237 434 3335 Antiphonae,
465 3238 655 3316 Lestiones
680 3241 731 3316 ad
760 3239 987 3315 Matutinum
1011 3241 1082 3319 &c
1112 3242 1159 3319 de
1181 3255 1367 3340 tempore,
1407 3250 1455 3323 ad
1481 3269 1638 3344 quorum
1657 3244 1801 3319 calcem

189 3336 326 3434 legitur
351 3337 559 3436 subscriptio
582 3336 617 3413 se
641 3357 752 3414 uens:
776 3335 866 3410 Pars
887 3335 1043 3434 Hymos
1068 3335 1180 3440 sibro4
1213 3338 1348 3420 sorani.
1411 3344 1448 3420 E
1471 3345 1567 3442 regini
1593 3353 1622 3436 Ρ
1649 3339 1800 3438 coninua

188 3433 356 3534 Fristngss.
379 3435 532 3512 carretis.
553 3441 581 3526 l?
637 3459 711 3536 corp
732 3433 845 3549 Petpen
862 3435 959 3549 ‘eino
974 3435 1014 3512 tr
1026 3433 1095 3611 ᾖ.
1105 3434 1440 3540 SensensclmrydtBo
1461 3441 1592 3540 eberge.
1611 3437 1717 3518 Anno
1732 3431 1797 3549 {cg

191 3541 319 3618 1881.
342 3531 399 3609 ks.
423 3533 466 3608 o’o
490 3530 655 3630 Nouibrg.
683 3537 736 3609 16.
756 3557 823 3630 amp
854 3557 896 3634 n:
912 3533 1015 3631 finti:
1082 3558 1114 3610 1s
1128 3539 1308 3614 accedunt
1342 3537 1634 3638 1)Antiphonae,
1659 3536 1800 3612 Lenio-

189 3651 274 3716 nes,
297 3629 441 3726 aliaque
468 3633 514 3707 de
540 3631 692 3706 Santtis.
746 3627 786 3728 2)
837 3631 1074 3709 eCommuni
1094 3633 1320 3710 sannorum.
1383 3635 1427 3736 3)
1455 3639 1501 3712 de
1532 3637 1650 3712 Beata
1676 3631 1797 3726 Virgi-

188 3751 236 3803 ne
257 3727 355 3802 intra
380 3731 592 3804 adventum.
653 3730 703 3804 Et
728 3728 785 3803 his
804 3728 951 3823 quidem
976 3729 1075 3806 nulla
1094 3730 1133 3806 in
1156 3729 1229 3806 fine
1251 3731 1388 3828 adjecta
1411 3735 1460 3811 est
1486 3734 1629 3810 notitia.
1683 3731 1798 3807 Char·

71 3817 78 3836 '
187 3839 245 3911 ta,
276 3825 336 3899 cui
359 3825 572 3923 =impressum
599 3825 648 3902 est
674 3825 746 3901 hoc
775 3825 1018 3913 breviarium,
1052 3827 1102 3902 est
1130 3828 1433 3925 praestantiffima:
1471 3833 1607 3907 litterae
1640 3829 1799 3924 gothica

188 3923 270 4000 sunt
285 3943 358 3998 ·ma
386 3943 444 3999 nae
463 3923 662 4000 admodum
685 3924 723 4000 dc
747 3922 965 4010 luculentae,
989 3947 1164 4022 perquam
1183 3927 1381 4022 elegantes.
1429 3930 1566 4006 Desunt
1590 3927 1713 4004 ubivis
1735 3947 1800 4000 cu·
1900 3975 1901 4002 r

188 4021 332 4108 stodes,
349 3945 573 4133 figunturae,
597 4019 802 4098 numeri&
827 4021 1079 4132 inscriptiones
1098 4024 1323 4119 paginarum.
1384 4025 1546 4102 Litteras
1568 4048 1656 4104 vero
1679 4023 1803 4098 initia·
1900 4049 1901 4098 r

187 4119 243 4196 les
265 4119 394 4194 rubras
419 4117 491 4214 tpse
517 4130 561 4215 ty
587 4117 770 4214 ographus
791 4118 939 4212 adJecu.
996 4118 1137 4195 Praeter
1162 4121 1333 4216 punstum
1354 4123 1467 4199 etiarn
1490 4126 1564 4200 duo
1586 4120 1718 4218 puncta
1736 4143 1798 4194 oc·
1900 4119 1901 4188 l

189 4229 355 4328 currunt.
404 4215 465 4290 Ex
492 4141 748 4312 subllriptione
772 4216 880 4310 paulo
903 4226 989 4327 ante
1015 4218 1172 4293 recitata
1192 4218 1390 4318 discimus,
1415 4233 1534 4298 artem
1558 4218 1799 4318 typographi-

187 4329 616 4508 garrfflgimloacnncoittsseg
631 4311 1171 4511 {ambgr‘gffialilptgulpsesqsorssnl
1180 4337 1277 4394 anno
1296 4319 1457 4415 primum
1475 4343 1588 4418 1499,
1618 4329 1663 4393 ut
1687 4315 1800 4392 habet

1548 4619 1772 4780 ·XXVl.·
