3790 5030
96 438 250 539 rvrt.
280 433 459 560 Jorepar
492 437 641 532 uam
675 433 811 553 Jutaet
841 437 1006 554 septem
1042 436 1166 528 nnn
1201 440 1254 526 ae
1277 431 1405 526 uarro
1433 435 1639 551 Jonas,
1669 441 1713 531 a
1883 537 1885 564 ι

208 555 338 648 Libri
364 563 453 646 duo
487 560 542 645 de
576 553 835 653 antiquitate
858 557 998 664 gentis
1024 553 1233 684 judaice,
1265 555 1400 642 latine
1427 556 1535 642 editi
1560 582 1732 644 curan-1

209 696 256 762 te
282 672 521 762 Ludovico
550 670 804 776 ceadicta,
856 667 1039 784 impressr
1080 693 1189 757 veto
1221 695 1299 784 per
1321 666 1499 758 Petrum
1528 666 1710 760 Mauser

209 785 403 880 Veronae
435 813 549 876 anno
583 798 710 896 1480.
738 782 782 870 in
809 779 912 874 Fol.
1240 801 1243 809 “

139 1101 143 1112 .
249 1029 361 1109 Initio
386 1028 587 1108 voluminis
609 1027 684 1104 duo
708 1026 850 1104 exstant
871 1025 962 1104 lolia
984 1023 1167 1126 separata,
1194 1049 1276 1128 quae
1304 1027 1486 1106 Ludovici
1510 1031 1708 1134 Cendratae

87 1128 298 1208 veronensts
322 1129 510 1228 epistolam
543 1126 807 1202 dedicatoriam
837 1125 884 1200 ad
908 1123 1115 1202 Antonium
1140 1129 1327 1204 Donatum
1351 1129 1552 1205 Patricium
1585 1129 1619 1207 V
1620 1157 1706 1210 ene·

87 1241 189 1314 tum,
209 1229 311 1304 urbis
335 1227 495 1304 Veronae
517 1225 720 1302 Praetorem
742 1239 977 1322 anno·,1480,
1004 1224 1193 1323 scriptam,
1222 1226 1260 1304 dt
1289 1227 1451 1302 carmina
1474 1229 1644 1322 quaedam
1666 1232 1708 1308 in

87 1327 237 1404 laudem
261 1325 433 1412 editoris,
459 1322 642 1420 ipsiusque
666 1321 841 1400 editionis
858 1321 1057 1417 praesentis.
1108 1323 1204 1400 Tum
1218 1324 1258 1399 in
1272 1321 1392 1400 nostro
1416 1325 1564 1422 quidem
1580 1350 1707 1404 exem·

86 1426 181 1521 plari
210 1425 284 1500 duo
312 1423 509 1522 sequuntur
538 1419 628 1496 solia
649 1441 787 1505 vacua,
824 1441 981 1514 quorum
1002 1420 1178 1517 posterius
1201 1435 1347 1498 tanturn
1371 1423 1418 1498 ad
1441 1423 1600 1519 primum
1617 1423 1706 1521 ¹per·

86 1523 182 1598 tinet
201 1522 323 1618 operis
352 1519 574 1596 fasciculum.
665 1517 708 1593 In
727 1517 851 1592 fronte
871 1517 1001 1613 primae
1024 1521 1170 1616 paginae
1194 1517 1372 1616 impressae
1401 1519 1618 1618 capitalibus
1643 1519 1704 1619 lit}

86 1621 178 1696 teris
200 1619 280 1694 haee
295 1621 483 1714 leguntur:
492 1609 657 1792 ffs‘l'l'l
671 1611 848 1688 Mnclzncie
870 1617 884 1700 (
896 1611 964 1700 stc,
991 1614 1093 1702 loco,
1122 1613 1344 1715 Mathatiae)
1371 1615 1456 1692 Filii
1476 1616 1615 1694 Hebrai
1632 1619 1702 1708 Gr:

86 1737 164 1792 nne
189 1713 382 1794 Sacerdotis
403 1713 467 1790 Ex
534 1711 734 1812 ierofiilymir
760 1709 817 1786 De
839 1709 934 1786 Bello
959 1708 1117 1816 jndaico
1139 1712 1298 1792 Libens.
1377 1713 1470 1790 Tum
1511 1717 1703 1796 immedia-

85 1827 124 1892 te
150 1814 309 1912 sequitur
330 1813 488 1891 austeris
513 1813 709 1897 Praelatio,
733 1831 817 1923 quae
844 1809 1063 1887 terminatur
1087 1814 1126 1889 in
1152 1814 1270 1910 prima
1298 1813 1400 1887 tertii
1430 1811 1511 1888 solii
1544 1819 1700 1914 pagina,

86 1913 182 1990 linea
208 1939 264 1990 12.
324 1913 427 1990 Libri
454 1937 528 1990 non
552 1910 634 1986 sunt
655 1909 760 1986 divilr
784 1908 824 1984 in
843 1909 982 2006 capita:
1009 1907 1233 2006 singulorum
1261 1923 1387 1986 autem
1416 1911 1593 1995 librorum
1616 1915 1702 1989 linis

88 2011 295 2087 &initium
320 2011 390 2086 hac
417 2012 477 2086 vel
506 2009 611 2084 simili
647 2009 792 2084 ratione
824 2005 1042 2103 capitalibus
1075 2007 1211 2085 litteris
1240 2021 1435 2084 notantur:
1476 2004 1624 2128 ‘Joseplri
1645 2011 1703 2088 Dc

87 2107 179 2183 aeuo
239 2106 357 2182 ndaico
377 2105 482 2184 Lilnr
500 2105 637 2181 Primus
658 2103 827 2202 Explicit.
881 2103 1008 2202 Incipit
1021 2103 1194 2184 Secundus
1212 2105 1398 2182 Focliciter.
1450 2109 1605 2186 Lttterae
1619 2110 1702 2188 sunt

86 2221 195 2282 rotun
222 2228 255 2280 ae
281 2207 554 2303 perelegantes:
580 2205 708 2282 charta
730 2202 868 2278 munda
889 2201 959 2290 est,
986 2202 1025 2280 &
1046 2203 1148 2292 alba,
1178 2206 1267 2303 quin
1292 2203 1331 2282 dc
1356 2204 1441 2280 satis
1457 2205 1574 2284 firma.
1625 2208 1701 2286 Ini-

85 2305 192 2380 tiales
212 2303 388 2380 librorum
412 2305 567 2390 litterae,
593 2301 778 2386 custodes,
812 2300 849 2376 dc
872 2301 1087 2397 paginarum
1109 2304 1253 2378 numeri
1275 2301 1414 2380 desunt.
1478 2303 1700 2382 Charta—tum
1829 2372 1836 2391 ,
1884 2397 1885 2418 χ

87 2403 289 2500 signaturas
304 2402 558 2500 typographus
582 2398 727 2497 adjecit.
779 2397 823 2472 In
838 2399 964 2473 aversa
980 2399 1102 2475 ultimi
1120 2401 1200 2476 folii
1222 2392 1401 2482 ternionis
1425 2422 1452 2496 y
1474 2403 1606 2498 pagina
1623 2418 1700 2478 ter-

85 2502 245 2576 minatur
268 2499 441 2596 septimus
463 2502 509 2576 de
534 2498 641 2574 Bello
659 2496 806 2595 judaico
831 2495 922 2570 liber
944 2495 1014 2572 hac
1035 2497 1291 2600 subscriptione
1319 2498 1537 2594 capitalibus
1560 2499 1713 2579 litteris·

86 2597 269 2694 impressa:
296 2597 351 2672 De
371 2597 467 2674 Bello
492 2595 649 2702 Judaico
670 2593 829 2692 Explicit
848 2591 1034 2671 Forlicitcr.
1115 2595 1157 2670 ln
1178 2598 1302 2672 fronte
1328 2611 1452 2670 autern
1480 2599 1609 2693 primae
1631 2621 1695 2695 pa-

85 2697 180 2790 ginae
237 2697 462 2772 uatemionis
501 2695 537 2770 A
571 2693 788 2790 capitalibus
822 2692 953 2766 itidem
988 2693 1122 2770 litteris
1152 2693 1306 2789 legitur:
1332 2689 1480 2798 Josrplri
1505 2693 1695 2771 Mnclrncr'oe

86 2793 168 2869 Filii
232 2790 329 2868 abrai
356 2791 483 2876 Gcnrre
509 2789 702 2870 Sacerdotis
721 2787 1049 2888 Eat-Hierafhlpmir
1072 2791 1127 2866 De
1141 2789 1356 2888 Antiqrriiate
1376 2788 1585 2897 <¹Jndtaornm
1605 2791 1694 2869 Con·

84 2903 138 2966 tra
162 2888 351 2993 Appionrm
384 2889 651 2966 Granrmnticnm
674 2883 963 2964 Alexandrinum.
1039 2887 1134 2966 Tum
1160 2891 1374 2966 immediate
1393 2891 1523 2987 incipit
1546 2891 1693 2967 Primus

83 2988 173 3066 liber
198 2991 244 3064 de
266 2991 486 3086 antiquitate
508 2991 723 3103 Judaeorum
743 2984 816 3060 fine
838 2983 913 3060 ullo
939 2985 1058 3061 titulo.
1110 2987 1343 3064 Terminatur
1363 2999 1488 3063 autem
1516 2989 1576 3062 hic
1597 2989 1690 3065 liber
1799 3035 1813 3060 2

82 3086 118 3162 in
139 3086 256 3184 prima
277 3089 357 3162 solii
379 3087 519 3184 septimi
544 3085 796 3184 quaternionis
822 3083 854 3157 B
879 3107 924 3180 pa
952 3085 1030 3169 ina,
1057 3084 1154 3162 linea
1179 3112 1234 3162 12.
1294 3085 1437 3162 Deinde
1468 3085 1689 3179 capitalibus

80 3185 212 3262 litteris
235 3185 401 3282 impressa
422 3187 503 3262 haec
527 3185 717 3282 leguntur:
743 3179 882 3256 Pilanii
903 3106 1052 3296 ἇοῙιρΙιὶ
1075 3179 1132 3258 De
1159 3181 1374 3280 Antiquitatr
1393 3179 1601 3287 α’χύάιτονιηη
1624 3182 1691 3258 Ad

80 3279 346 3381 Epaphroditum
373 3280 479 3358 Liber
506 3281 571 3358 .II.
650 3279 714 3357 Ad
741 3277 880 3358 calcem
909 3281 1054 3357 secundi
1084 3278 1194 3380 hujus
1219 3281 1304 3360 libri
1330 3281 1369 3356 in
1398 3279 1521 3357 aversa
1555 3282 1690 3377 pagina

81 3382 196 3478 quinti
231 3381 312 3458 solii
344 3382 525 3458 ternionis
562 3381 595 3456 D
629 3377 780 3476 sequens
807 3379 959 3480 ‚legitur
989 3379 1219 3477 subscriptio„
1253 3379 1405 3464 iisdem,
1448 3377 1580 3474 quibus
1615 3379 1628 3454 i
1655 3379 1688 3455 se

80 3491 221 3565 textus,
246 3478 383 3556 litteris
406 3479 590 3578 impressa:
619 3476 783 3578 Inprrffri
808 3505 819 3553 r
843 3477 970 3574 rrrclpta
988 3490 1124 3552 crnrtatc
1157 3477 1299 3554 Verona
1344 3501 1380 3551 er
1400 3475 1508 3574 Magi
1531 3501 1606 3550 rnnr
1624 3402 1688 3554 βι-

82 3588 155 3674 trn3
176 3577 321 3674 Mansit
345 3575 521 3654 Gallicum.
549 3573 653 3652 Anno
667 3575 803 3674 ficlntir.
832 3575 885 3648 Μ.
902 3597 997 3649 cccc.
1013 3576 1135 3652 Lxxx.
1160 3577 1273 3652 oliano
1329 3572 1468 3649 alendas
1530 3576 1685 3654 macrii:

81 3673 237 3774 Pontifici
263 3680 412 3752 mxima
437 3674 541 3755 Sixto
569 3686 707 3774 quarto:
741 3671 782 3750 Ei
802 3669 1004 3785 illustrissima
1042 3671 1200 3764 Venena
1229 3671 1311 3748 duce
1342 3668 1485 3778 ,Jorinr'
1540 3675 1684 3772 ocenigo.

82 3773 274 3872 Sequentis
305 3773 403 3859 solii,
443 3775 541 3870 quod
568 3771 619 3849 est
643 3773 833 3856 ultimum,
874 3793 992 3868 prima
1021 3773 1154 3868 pagina
1182 3772 1331 3848 exhibet
1357 3769 1549 3866 registrum
1579 3771 1685 3848 char-

80 3885 224 3958 tarum,
265 3871 325 3948 seu
353 3871 513 3950 indicem
543 3870 743 3968 primarum
768 3865 945 3966 cujusque
973 3868 1131 3966 plagulae
1155 3893 1299 3945 vocum.
1364 3868 1559 3944 Eduardus
1587 3869 1686 3946 Har·

80 3971 211 4056 wood,
249 3967 310 4046 seu
339 3971 464 4066 potius
494 3966 661 4068 ejusdem
690 3968 872 4064 interpres
908 3965 1129 4042 Theodiscus
1160 3967 1371 4044 Franciscus
1397 3965 1552 4042 Carolus
1575 3965 1684 4044 Alter

78 4067 309 4158 analatida
330 4069 553 4182 nrtidtrttnrt
575 4067 756 4180 despotin
780 4071 833 4140 tet
859 4061 1077 4176 &sterblichen
1112 4072 1177 4142 unt
1210 4066 1401 4159 dilntiditn
1428 4063 1581 4159 elamita
1610 4064 1681 4142 &a

838 4161 1580 4358 1“sinmetrtrtrmlrtraat
1611 4161 1682 4332 tr:

77 4360 327 4458 bliographum
359 4361 457 4436 hunc
493 4359 652 4436 nostram
690 4355 875 4456 defignare
904 4357 1054 4436 voluisse
1082 4358 1283 4436 editionem
1306 4359 1478 4442 latinam,
1529 4355 1682 4430 uemad·

76 4460 219 4534 modum
244 4457 358 4534 etiam
385 4459 499 4555 ipsum
527 4457 802 4541 Harwoodum,
841 4455 904 4553 qui
938 4477 1019 4552 pag.
1058 4471 1114 4554 84.
1151 4459 1242 4533 citat
1267 4456 1479 4554 antiqnitates
1502 4375 1682 4628 {udaian

76 4553 215 4676 Josrplii
253 4555 358 4630 latine
390 4581 454 4654 per
492 4553 582 4632 Lod.
627 4552 829 4632 Cindratanr
873 4551 1020 4630 Venetiir
1059 4579 1148 4630 anno
1184 4570 1290 4653 1480.
1368 4553 1484 4629 Porro
1549 4552 1691 4629 udovi·'

107 4651 276 4734 Srtruillrr
290 4651 388 4757 Fasc.
404 4653 460 4736 ΙΙ.
520 4674 524 4682 “
813 4740 820 4755 x
887 4649 927 4726 H
1565 4645 1633 4726 ebs
