3788 5034
105 280 137 368 r
744 243 1116 366 Q!

203 445 394 530 Formam,
422 456 709 544 quam'vocant,
731 447 813 524 haec
834 449 957 525 Biblia
974 449 1055 526 solii
1076 445 1228 546 majoris
1252 445 1388 526 habent
1411 441 1714 546 impresaPapy·

107 565 152 618 ro
174 563 257 639 quae
279 543 362 618 alba
383 543 600 628 admodum,
630 545 668 620 dr
691 543 819 632 simia,
845 545 953 625 instar
975 547 1216 632 membranae,
1242 545 1310 632 est,
1336 545 1578 624 &insolitam
1603 546 1719 624 habet

108 637 355 714 latitudinem
421 639 539 734 Signa
562 641 746 716 Chartarii
772 644 876 716 uaria
895 640 985 718 sunt.
1045 642 1236 717 ,Omnium
1258 641 1556 739 frequentissime,
1582 653 1716 738 utpote
1816 646 1832 667 '

107 735 337 832 frequentius
363 735 499 822 multo,
523 757 633 831 quam
653 751 777 820 cetera
791 739 915 814 omnia
929 736 1032 814 simul
1047 737 1206 834 sumpta,
1234 740 1395 814 occurrit
1407 740 1533 814 littera
1545 739 1589 814 D.
1606 759 1720 834 quam

107 831 209 906 linea
230 830 325 907 secat
346 831 677 928 perpendicularis,
710 858 759 908 ex
784 849 888 929 parte
911 847 990 909 tarn
1017 833 1219 930 superiore,
1250 857 1360 930 quain
1381 836 1553 912 inferiore
1579 835 1723 931 promi·

37 932 39 938 ’
106 951 228 1099 libi
251 927 744 1122 salsissimas?
758 929 1317 1103 {tismiaslltalss
1340 931 1721 1121 assistitis?

114 1119 171 1194 sus
192 1119 325 1208 smila,
365 1119 430 1195 nisi
460 1122 557 1216 quod
580 1123 690 1198 unius
723 1123 850 1198 annuli
878 1123 960 1198 loco
993 1124 1087 1198 duos
1116 1123 1268 1208 habeat,
1306 1123 1373 1200 aeri
1399 1121 1551 1198 incisum
1571 1123 1724 1198 exhibet

113 1217 359 1312 Schoepllinus
384 1219 423 1292 in
449 1217 541 1292 vind.
561 1216 760 1318 typograpli.
770 1243 853 1332 pag.
959 1219 1201 1316 adfirmatque
1228 1221 1267 1294 in
1290 1217 1465 1294 Astexani
1493 1217 1721 1302 llllenteliani.

105 1312 154 1390 ·&
176 1313 382 1388 Bibliormn
405 1313 627 1409 Eggesteinii
657 1315 806 1390 Chartis
830 1316 895 1389 illu
943 1338 1165 1412 comparere.
1231 1315 1273 1391 Si
1325 1315 1556 1390 aCliartarii
1584 1314 1656 1390 alia
1681 1312 1725 1390 iu

114 1408 247 1484 nostris
271 1409 402 1485 Bibliis
426 1412 658 1487 occurrentia
680 1410 759 1486 sunt
783 1434 939 1506 corona,
968 1433 1050 1506 quae
1073 1409 1149 1507 post
1178 1411 1222 1486 D.
1251 1411 1344 1486 ilud
1367 1412 1534 1487 omnium
1553 1412 1725 1507 frequen·

116 1501 245 1582 tillime
268 1507 446 1592 occurrit,
473 1529 565 1594 uva,
592 1507 630 1584 dr
647 1509 875 1582 'turris-raro
898 1508 1098 1585 admodum
1119 1519 1366 1588 occurrentes.
1424 1561 1427 1566 ι
1479 1511 1480 1516 '
1838 1511 1843 1525 “

214 1649 470 1749 Plagularum,
498 1675 652 1749 quarum
676 1653 792 1732 altera
820 1653 927 1729 alteri
958 1654 1090 1740 inserta
1114 1651 1184 1738 est,
1221 1653 1401 1729 fasciculis
1425 1676 1517 1750 opus
1541 1652 1726 1748 integniiu

116 1748 337 1847 constat242.
365 1751 427 1846 qui
449 1765 575 1825 tamen
596 1751 757 1847 aequales
783 1775 857 1825 non
879 1749 969 1825 sunt.
1047 1750 1143 1825 Nam
1174 1748 1237 1824 sex
1294 1751 1410 1826 riores
1434 1750 1593 1826 fasciculi
1620 1749 1726 1844 quin·

118 1846 307 1921 terniones
346 1843 435 1952 sunt.
513 1847 702 1940 Septimus
739 1861 884 1924 tantuin
919 1848 1038 1930 tribus
1079 1846 1219 1920 constat
1257 1773 1369 1930 siliis,
1447 1845 1623 1932 octavus,
1660 1867 1730 1918 no·

119 1963 213 2028 nus,
252 1941 290 2016 dr
316 1941 486 2034 ,decimus
521 1943 651 2016 itidem
680 1945 930 2036 quinteriones
963 1943 1062 2026 sunt,
1099 1943 1338 2028 undecimus,
1375 1941 1629 2040 &sequentes
1664 1961 1729 2014 us-

116 2061 194 2136 que
223 2038 274 2111 ad
303 2024 486 2134 dec'ilnprn
514 2037 655 2112 sextum
681 2040 819 2135 pariter
843 2037 924 2112 sunt
952 2039 1147 2134 quinterni.
1223 2036 1397 2130 Decimus
1418 2036 1732 2136 septimus'sduer·

121 2157 194 2211 nus
219 2132 286 2208 eli:
326 2133 545 2229 quinternus
573 2158 662 2208 vero
693 2135 858 2209 decimus
885 2135 1058 2210 ottavus..
1116 2134 1291 2209 Decimus
1315 2135 1636 2218 nonus‘‚ssiindecim
1664 2135 1732 2209 ha·

122 2231 188 2306 bet
220 2229 320 2306 folia
409 2217 613 2337 lslgesimus
648 2229 907 2326 &sequentes
935 2231 1129 2326 usquead
1161 2229 1373 2326 vigesimum
1405 2231 1573 2325 quin'sum
1601 2229 1733 2305 itidem

38 2371 40 2376 ·
126 2327 313 2424 quintetui
341 2309 455 2446 lunis¹
473 2325 648 2421 siquidem
669 2327 800 2402 folium
818 2327 978 2403 fasciculi
1001 2326 1164 2422 vigesimi
1193 2307 1517 2441 primiv'ultimumv
1533 2327 1632 2422 quod
1667 2347 1733 2401 va·

127 2431 237 2500 c'uum
273 2411 419 2510 elistdt
440 2406 656 2500 psalterium
686 2445 709 2497 a
733 2425 943 2500 Proverbiis
965 2423 1176 2502 Salomonis
1204 2423 1357 2508 dividit,
1369 2417 1638 2540 &qdniimerare
1663 2423 1733 2497 im·

126 2518 250 2694 pretiis
272 2520 372 2594 soliis
396 2517 529 2596 lubeat.
606 2517 811 2632 Vigesiinus
834 2521 976 2618 sextus,
1004 2520 1197 2616 septimus,
1237 2519 1284 2595 δι’
1300 2507 1449 2632 osidius
1474 2520 1734 2632 quaterniones

142 2631 228 2692 unt:
257 2615 533 2714 quinterniones
557 2639 667 2692 uero:
702 2615 904 2712 vigesimus
930 2638 1069 2701 nonus,
1095 2616 1133 2691 dr
1157 2613 1345 2711 sequentes
1368 2617 1552 2711 usquead
1577 2617 1734 2712 quadra·

130 2712 315 2809 geslmum.
365 2712 539 2788 Fasciculi
560 2714 633 2788 duo
660 2711 875 2808 posteriores
901 2711 1058 2788 sexterni
1087 2711 1177 2785 sunt.
1228 2711 1341 2800 Foliis
1356 2712 1489 2806 igitur,
1513 2736 1589 2788 non
1609 2735 1737 2786 nume·

130 2810 246 2894 ratis,
273 2830 366 2904 opus
387 2810 572 2904 integrum
599 2807 739 2885 constat
760 2835 808 2906 40
840 2860 850 2894 ,
878 2807 904 2882 si
930 2809 1062 2886 folium
1080 2829 1239 2885 vacuum
1263 2807 1426 2910 Psalinpq
1445 2809 1562 2896 inter,
1592 2807 1631 2885 tr
1645 2809 1737 2882 Pro·

131 2907 259 2980 verbia
280 2907 525 3000 interceptum
552 2906 793 2980 adnumerare
810 2835 957 2990 iubeat,
984 2906 1045 2980 vel
1071 2904 1141 2978 hoc
1167 2929 1242 2980 non
1266 2891 1434 3015 nutricq'
1498 2930 1556 3000 03.
1618 2903 1670 3006 Fa
1684 2905 1737 2979 ci·

132 3004 300 3078 culorum
323 3002 541 3094 cruqi'dein
566 3000 710 3098 prorsus
735 3001 786 3076 est
810 3002 849 3076 in
873 3001 1092 3098 exemplari,
1127 3002 1227 3096 quod
1251 2916 1514 3107 describit&
1534 3000 1676 3078 Panzer
1698 3003 1739 3077 in

120 3100 194 3193 ‚sua
219 3095 706 3196 Notitiadqantiquillimis
733 3099 1035 3193 germanicorum¹
1049 3095 1256 3173 Bibliorum
1271 3091 1493 3176 editionibus
1496 3095 1611 3204 ,Thoe
1626 3097 1740 3174 solum

135 3195 516 3290 discriniine,;,quqd,
558 3194 666 3270 utin
693 3195 971 3270 enumeratione
1005 3193 1259 3271 fasciculorum
1296 3194 1739 3290 singulorum'adsirrnat,

135 3292 333 3384 l'al'ciculus¹
350 3289 545 3408 vigafimus
573 3288 695 3366 sextus
719 3290 854 3387 septem
878 3302 1025 3382 tantuin
1045 3289 1145 3366 foliis
1169 3289 1330 3380 conflet,¹
1366 3287 1742 3372 Vesuui-ni'sascicu·
1892 3329 1893 3358 1

136 3387 197 3470 ius
217 3387 284 3500 ,ilic
304 3379 448 3504 integat
469 3379 513 3464 sit
536 3386 748 3484 quaternio,
773 3387 854 3462 ouo
877 3383 1046 3461 constans
1074 3386 1174 3462 foliis
1200 3369 1394 3488 impressis,
1418 3381 1605 3500 eapmplar
1628 3387 1741 3461 abeo

138 3484 451 3678 lissima
467 3581 473 3596 ·
492 3511 556 3656 a
574 3484 832 3657 tiliam
852 3481 924 3666 st
944 3479 1745 3750 samlassataslasatas

140 3677 197 3768 Cl.
219 3677 404 3754 Panzerus
422 3699 467 3752 ea
487 3675 668 3846 adsiffit,
696 3697 895 3799 numerare·
912 3675 1090 3786 voluerit,
1120 3697 1250 3750 verum
1266 3675 1304 3748 id
1323 3675 1392 3753 esse
1408 3686 1633 3788 comperiet..
1696 3699 1745 3784 p.

143 3797 409 3946 ζιὲηιωεέῐὲἔξὶιὲι
424 3772 575 3943 &gups
596 3770 724 3945 estllum
759 3770 831 3869 ipse
859 3793 918 3848 uir
940 3769 1160 3848 Clarissimus
1184 3769 1307 3870 postea
1327 3772 1507 3859 advertit,
1544 3783 1587 3847 ut
1610 3771 1746 3847 litteris

244 4023 386 4118 Pagina
407 4019 581 4117 quaelibet
602 4020 642 4094 in
664 4020 756 4096 duas
778 4020 940 4098 dillintia
960 4019 1010 4097 eli
1032 4021 1233 4099 columnas.
1284 4021 1465 4098 Columna
1489 4021 1630 4117 quaevis
1654 4021 1748 4098 inte-

146 4145 213 4222 gra
233 4121 351 4196 lineas
374 4117 626 4215 complettitur
651 4124 709 4194 bo.
770 4117 1046 4194 Distinslionum
1073 4117 1098 4194 si
1150 4119 1267 4195 aelia
1290 4141 1364 4192 non
1390 4130 1604 4204 occurrunt,
1639 4140 1751 4214 quarn

147 4217 280 4320 punita
305 4215 347 4294 dc
369 4214 485 4300 Cola,
511 4212 571 4289 seu
592 4214 665 4289 duo
689 4213 830 4309 punsta.
905 4214 988 4292 Post
1014 4241 1088 4312 pun
1148 4239 1186 4290 m
1208 4216 1421 4313 plerumque
1443 4213 1568 4290 littera
1589 4217 1751 4304 occurrit

149 4315 277 4413 major.
337 4311 483 4387 Vocum
503 4309 782 4386 abbrevationes
805 4311 977 4406 exiguam
1001 4313 1206 4408 legentibus
1230 4311 1595 4396 mosellanorum,
1618 4324 1755 4406 utpote

153 4437 228 4490 non
247 4408 448 4499 ¹admodum
473 4407 703 4500 frequentes,
728 4405 753 4480 si
779 4413 818 4485 u·
834 4407 905 4483 scil.
923 4415 947 4484 b
964 4433 1048 4482 cum
1070 4408 1201 4504 punito
1224 4433 1271 4484 ex
1296 4407 1474 4503 superiore
1493 4421 1597 4504 parte
1619 4406 1752 4482 dextra

153 4509 235 4584 loeo
261 4503 533 4601 perscriptum,
568 4503 606 4581 dt
632 4503 804 4602 syllabam
823 4529 900 4593 ra,¹
923 4506 984 4581 vel
1011 4507 1168 4582 etiamn
1198 4503 1396 4583 solitarium
1419 4504 1516 4582 linea
1546 4503 1754 4673 musgrsa

1612 4621 1651 4674 in
1689 4637 1708 4658 ·
