3788 5034
763 229 1089 356 ss
1555 245 1559 265 ¹
1676 269 1766 372 35,

105 434 186 536 piar
210 425 335 522 uliud,
359 432 423 514 cui
441 455 597 528 manus,
623 448 668 514 ut
691 399 881 524 adfirmat,
899 451 1036 520 coaeva
1056 463 1193 516 annum
1217 463 1305 540 1471
1332 437 1526 539 adscripsit.
1604 442 1732 544 Atque

104 559 153 612 ex
174 533 247 612 hac
271 534 417 612 ratione
440 533 576 613 librum
600 534 715 614 istum'
734 537 832 614 inter
853 537 967 612 libros
990 561 1087 614 anno
1112 563 1214 639 147¹·
1237 539 1424 636 impressos
1446 539 1629 618 recensere
1653 544 1731 642 pia·

103 632 195 710 cuit
245 631 310 709 Est
333 653 423 710 vero
448 632 607 730 praesens
632 635 748 710 editio
770 631 844 711 srne
865 634 977 710 dubio
1000 637 1165 711 omnium
1189 636 1331 734 prima,
1356 637 1631 736 Bibliograpiris
1648 665 1730 720 om·

103 731 236 818 nibus,
274 729 315 809 dt
335 727 613 820 Benedistinis,
652 753 806 830 operum
830 730 869 810 S.
884 729 1080 828 Augustini
1104 734 1307 810 editoribus
1339 735 1549 832 incognita,
1587 737 1731 837 utiam

103 839 193 904 ante
218 851 281 906 me
304 827 468 904 advertit
493 829 550 906 Cl.
576 829 693 906 Denis
716 829 786 908 loc.
802 829 866 906 cit
917 822 1027 908 Patet
1052 831 1138 908 inde
1164 833 1298 908 raritas
1325 833 1513 931 praesentis
1540 835 1729 928 editionis,
1883 889 1884 898 t

103 923 213 1022 cujus
263 924 394 1002 roinde
412 926 625 1004 uberiorem
661 927 758 1004 dabo
790 927 984 1016 notitiam,
1024 928 1387 1028 descriptionemque.
1444 931 1602 1018 Constat
1626 932 1727 1020 soliis

100 1023 224 1122 imre
321 1041 402 1119 ros.
467 1023 610 1121 Pagina
648 1024 793 1123 quaevis
823 1025 864 1103 in
900 1024 994 1102 duas
1018 1022 1211 1105 colunmas
1234 1026 1398 1105 distinita
1418 1027 1481 1106 eu
1546 1031 1730 1120 Columna

101 1121 252 1220 quaevis
268 1119 413 1218 integra
428 1118 546 1202 lineas
562 1123 730 1200 continet
744 1147 804 1224 47.
854 1119 919 1200 Ad
942 1119 1094 1204 initium
1115 1122 1294 1224 cujusque
1315 1125 1400 1203 libri
1422 1126 1550 1204 breuia
1568 1126 1729 1226 fingulo·

100 1243 190 1332 rum
207 1219 376 1332 capitum
394 1231 628 1336 argumenta·
639 1220 812 1336 leguntur
832 1217 1011 1336 impressa.
1088 1222 1175 1301 Non
1202 1223 1285 1302 sunt
1304 1247 1394 1302 vero
1419 1225 1551 1302 eadem
1576 1225 1728 1325 lrngulis

100 1317 1443 1510 rrmrsnrnnue
1464 1326 1730 1500 rurant:

42 1535 46 1541 ·
99 1439 213 1601 duni,
241 1512 282 1592 dr
302 1512 459 1610 pingues
478 1511 580 1628 sunt,
607 1513 737 1592 charta
759 1513 866 1590 firma
883 1441 1043 1688 ¹quidegrlp²
1060 1530 1101 1594 at
1125 1477 1274 1596 crudior
1298 1541 1374 1604 non
1392 1443 1513 1606 unffi?
1545 1519 1584 1598 δι
1605 1449 1729 1600 militis

101 1611 188 1688 niba
207 1609 271 1688 elb
321 1608 509 1724 Chartam
532 1610 881 1786 'ffumffequfflfi
905 1636 980 1688 rnre
1002 1637 1203 1730 occurrens
1222 1616 1302 1694 rosa
1319 1615 1391 1704 est,
1416 1617 1541 1730 minus
1557 1617 1728 1716 frequen·

98 1721 161 1824 ter
186 1730 265 1786 uva
286 1719 459 1822 occurrit.
574 1733 624 1786 oo
650 1707 717 1824 mii
738 1732 844 1825 una&
874 1709 1040 1824 alterave
1065 1735 1168 1797 vrce‚
1207 1714 1268 1791 vel
1307 1725 1408 1790 oerte
1438 1711 1613 1792 rarrllrure
1645 1730 1728 1794 tur·

99 1830 174 1885 rma
208 1803 410 1884 observavi.
488 1804 629 1885 Desunt
662 1807 800 1886 lrtterae
832 1809 996 1886 rmtiales
1030 1822 1108 1887 tam
1140 1810 1332 1908 capitum,
1397 1833 1486 1898 uam
1529 1812 1726 1904 librorum,

99 1903 319 2021 signaturae,
342 1901 533 2020 cqstodes,
567 1905 787 2002 paginarum
817 1907 974 2020 numeri.
989 1907 1012 1952 '¹
1060 1906 1201 2004 Pagina
1228 1909 1349 2006 prima
1373 1831 1517 2005 legitur
1553 1909 1728 1988 Seurrncr'o

97 2000 188 2080 sectr
218 2003 385 2177 “fustem
418 1998 461 2076 de
486 1999 575 2079 lrlro
596 2003 875 2082 curatioriouum.
906 2027 931 2081 1.
948 2029 980 2082 e.
1007 2028 1055 2082 ex
1077 2006 1171 2082 libro
1198 2006 1498 2084 retraltationum
1529 2006 1727 2107 descripta.

100 2123 380 2296 fficcg'xcipit
399 2193 741 2311 Epr'stolanuguslr'ui
759 2199 882 2276 aurelii
895 2201 1041 2302 yporristr
1060 2200 1200 2302 episcopi
1219 2199 1267 2274 orl
1289 2201 1419 2276 aurelini
1435 2199 1623 2300 *episcopum
1650 2229 1727 2280 cau·

100 2297 283 2474 11111
291 2293 449 2469 fissit
474 2295 1170 2474 ccliiiiiissbusiiibsbflll
1190 2325 1250 2472 ὶῑ·
1260 2297 1727 2495 isumus:

100 2497 188 2572 dem
210 2492 356 2604 ratione
379 2489 464 2566 libri
485 2417 758 2590 distinqiruntur
781 2516 899 2591 usque
920 2491 1085 2570 adult.
1144 2491 1209 2571 Ad
1255 2491 1340 2592 ujus
1362 2493 1478 2570 finem
1497 2455 1616 2592 primo
1632 2495 1726 2592 iegi-

101 2609 163 2670 tur
184 2586 346 2688 Errplicrt
361 2584 447 2664 liber
466 2587 599 2664 oduuus
617 2587 659 2663 de
680 2591 841 2668 trinitate.
890 2587 1014 2666 sinui
1034 2592 1146 2668 modo
1170 2591 1302 2688 reliqui
1324 2613 1454 2666 omnes
1478 2593 1726 2674 terminantur

101 2691 199 2768 libri.
254 2683 318 2762 Aa
336 2685 478 2762 calcem
494 2684 579 2798 llil.
603 2685 688 2763 libri
707 2688 790 2766 haec
816 2701 964 2766 tantum
985 2687 1158 2784 leguntur
1179 2687 1365 2787 impressa:
1392 2686 1533 2766 Aurelii
1559 2691 1726 2794 augustini

100 2785 241 2892 episcopi
262 2781 413 2884 illerde
432 2783 587 2884 trimlute
602 2783 690 2884 finit
702 2783 873 2884 felicitare
899 2783 938 2864 δι
957 2784 1051 2862 nihii
1066 2800 1266 2890 praeterea.
1631 2795 1633 2798 ’

106 2997 228 3096 XXI.
255 2996 492 3090 Sermones
515 2993 624 3090 sacri
649 2997 703 3089 ab
727 2999 976 3115 Anonymo
996 2991 1233 3118 conscripti
1254 2999 1405 3092 latine.
1449 2999 1570 3090 Ano.
1598 2925 1727 3108 ripn.

216 3109 427 3232 lmpreffi.
451 3111 539 3204 fine
556 3133 665 3204 nota
681 3114 794 3223 loci,
824 3117 868 3205 br
893 3115 1174 3233 typographi.
1205 3115 1251 3205 in
1269 3113 1310 3206 F
1313 3116 1374 3203 ol.
1461 3225 1467 3233 ἱ
1814 3129 1823 3138 ’

201 3305 404 3386 Sermones
427 3307 486 3386 isti
507 3307 715 3386 charaiiere
737 3308 898 3386 rotundo
923 3308 1202 3407 elegantissimo,
1232 3321 1283 3387 ut
1306 3333 1355 3386 ex
1377 3317 1532 3404 argento
1553 3302 1642 3384 lusae
1663 3305 1726 3386 :vi-

103 3405 181 3501 deri
204 3407 346 3505 possent
369 3407 525 3500 litterae,
547 3408 675 3505 papiro
694 3405 934 3493 mundissimae
953 3409 1005 3483 im
1031 3405 1107 3485 relsr
1134 3406 1225 3484 sunt
1297 3407 1383 3482 Non
1405 3403 1558 3485 memini
1578 3403 1725 3479 litteras

103 3507 161 3582 his
183 3503 311 3580 similis
332 3503 373 3580 in
400 3501 478 3580 ullo
504 3503 599 3580 libro
622 3527 687 3581 me
717 3501 925 3582 observasse.
1021 3505 1085 3604 ypi
1111 3506 1212 3582 enirn
1234 3504 1384 3581 rotundi
1407 3503 1551 3587 veneti,
1580 3500 1727 3578 Medio·

104 3599 287 3698 lunenses,¹
313 3599 354 3680 δι
375 3601 521 3677 romani
548 3599 659 3706 hujus
682 3603 826 3689 aetatis,
854 3599 919 3676 etsr
942 3602 1130 3698 elegantes
1153 3598 1242 3690 lint,
1282 3601 1363 3678 sunt
1385 3614 1510 3676 tamen
1532 3597 1593 3674 his
1617 3612 1727 3674 nota·

102 3701 225 3778 biliter
255 3695 452 3776 densiores.
516 3697 689 3775 Nostrum
717 3697 907 3795 exemplar
938 3699 1046 3776 initio
1077 3699 1250 3779 mutilum
1276 3695 1337 3774 eli.
1403 3695 1537 3792 Incipit
1554 3695 1662 3771 enim
1684 3694 1727 3774 in

101 3798 223 3873 medio
238 3795 351 3893 primi
364 3795 559 3880 sermonis,
586 3798 625 3872 in
647 3817 722 3967 gno
745 3796 792 3871 de
812 3794 951 3892 jejunio
973 3797 1119 3893 agitur,
1139 3811 1318 3873 contextu
1340 3794 1464 3872 uerbis
1480 3792 1580 3878 illis:
1597 3791 1725 3884 ‘uano

103 3894 172 4068 lis&
187 3889 300 3991 con.)
338 3889 485 3968 recidens
510 3895 585 3966 cui⁹
595 3891 646 4066 ζα
669 3889 745 3966 iude
768 3889 885 3994 ruff
907 3896 958 3995 est.
1002 3906 1040 3968 ut
1065 3907 1127 3970 out
1145 3897 1292 3991 perirent
1315 3904 1374 3968 uus
1390 3887 1529 3988 pudeat.
1575 3887 1627 3977 Et
1652 3887 1720 3966 Bo.

139 4001 229 4089 tque
248 3991 333 4070 haec
355 3988 505 4090 quidem
529 4013 594 4069 ver
619 4013 642 4065 a
663 3991 836 4088 leguntur
860 4012 901 4164 rEn
919 3991 1038 4088 prima
1059 3993 1157 4069 linea
1176 3991 1340 4090 paginae,
1368 4009 1451 4087 quae
1468 3988 1590 4088 prima
1603 3986 1660 4156 {ii
1684 3987 1725 4062 in

763 4111 765 4120 ’
921 4113 943 4166 2
1375 4137 1377 4151 ι
1552 4101 1600 4161 no
1650 4107 1673 4157 0

106 4182 1724 4244 *mm-'⁸2¹'—

143 4275 164 4316 0
185 4267 299 4337 Exstat
319 4267 353 4333 is
377 4263 549 4332 blemensis
572 4265 759 4332 Monacensr
781 4265 984 4330 Bibliotheca
1000 4262 1229 4330 Banbolomaei
1250 4261 1290 4327 de
1311 4259 1469 4343 Cbaymir
1483 4253 1725 4327 confeffiomle.

205 4350 297 4500 §nod
313 4343 561 4433 christophoros
579 4343 753 4418 'Vaidsrfer
782 4346 846 4410 sme
877 4359 954 4410 nora
979 4345 1070 4420 anni,
1100 4343 1155 4408 sed
1178 4339 1306 4426 sdjeito
1325 4341 1384 4406 suo
1405 4333 1724 4422 nomine-impressit·

281 2121 435 2178 umnam
468 2101 646 2198 primam,
686 2102 726 2179 sc
746 2101 913 2179 secundae
947 2103 1131 2181 columnae
1155 2104 1271 2180 lineas
1302 2129 1356 2180 12.
1385 2105 1527 2200 priores
1559 2123 1726 2205 occupat
1845 2175 1848 2184 1

233 4449 308 4496 orco
327 4429 467 4500 urtone,
488 4430 605 4513 quibos
625 4425 808 4512 impressum
828 4427 871 4490 eli
889 4427 951 4491 boc
965 4421 1210 4495 subselliorum,
1230 4423 1300 4488 sunt
1322 4419 1507 4494 simillima,
1526 4432 1584 4484 aur
1602 4419 1725 4488 eadem
1883 4433 1884 4500 q

205 4511 338 4578 omnino
357 4530 428 4576 cum
448 4511 586 4580 litteris,
607 4509 723 4594 quibus
741 4507 881 4591 praesens
905 4507 935 4576 S.
953 4504 1124 4590 Augustini
1142 4523 1225 4588 opus
1247 4503 1290 4568 est
1312 4500 1476 4568 excusum.
1519 4501 1626 4583 Quare
1646 4517 1725 4646 gro·

205 4587 428 4659 habilissimum
451 4593 514 4666 est,
534 4591 631 4656 ambo
651 4607 752 4674 opem
780 4587 885 4658 eidem
914 4585 979 4652 esse
1006 4585 1208 4652 adscribenda
1235 4584 1459 4670 typographo.
1514 4579 1724 4648 interlitos
1883 4633 1884 4642 ,

207 4689 284 4742 nom
306 4671 382 4742 unni
405 4671 571 4742 destitutor
594 4673 704 4758 plores
725 4683 894 4738 occurrent
915 4667 1029 4737 iisdem
1044 4663 1162 4735 litteris
1182 4665 1334 4752 impressi.
