3788 5034
43 215 245 334 'oo
765 177 1157 348 ’ψ

541 427 643 540 opido
671 427 828 532 ‘portat
880 429 1004 545 ,DVV
1019 481 1021 488 ›
1035 435 1095 510 asu
1120 457 1184 522 rex
1223 433 1326 536 egipti
1360 433 1455 541 abysse

546 536 667 615 tricilra
684 533 848 710 ,bebreopt
881 561 943 638 q4
964 561 1034 624 nna
1051 537 1212 616 vocatae
1253 539 1385 642 ephoro.

187 627 520 712 Deuteronomium
542 639 762 713 terminatur
779 637 844 712 lb.
867 659 933 736 73,
959 637 1105 734 paginae
1128 661 1263 716 averae
1279 639 1451 716 colmnna
1488 637 1599 728 rima,
1628 637 1725 718 linea
1747 653 1806 728 18·

187 730 432 822 Psalmorum,
456 733 588 831 quibus
607 756 704 810 unus
727 744 873 809 tantmn
900 733 1076 831 praefixus
1098 735 1147 813 est
1169 735 1352 838 Prologus
1379 737 1417 814 S.
1438 661 1679 836 illeronymi:
1704 739 1809 838 Psot-

188 832 308 904 terr‘um
330 827 447 907 Rome
467 829 593 907 dudam
636 833 735 932 ofitus
756 829 824 908 &n
849 830 999 907 initimn
1024 832 1074 907 est
1098 832 1163 911 fol.
1186 835 1296 911 CCX.
1321 835 1493 910 columna
1519 862 1550 912 1.
1579 838 1677 913 linea
1697 863 1732 936 9.
1760 837 1809 911 fi·

190 915 250 1002 rlis
271 950 361 1004 vero
385 927 575 1006 CCXXXI
614 986 623 1004 .
648 929 795 1025 paginae
817 929 953 1006 aversae
973 925 1146 1007 columna
1169 957 1201 1010 2.
1221 933 1320 1008 linea
1340 947 1398 1030 38.
1422 928 1662 1032 Apocalypsis
1678 935 1811 1012 termi-

189 1027 300 1102 riatur
322 1027 412 1102 folio
433 1032 517 1126 461.
541 1027 688 1128 paginae
708 1021 844 1103 aversae
866 1027 1039 1104 columna
1057 1053 1088 1106 1.
1113 1029 1213 1106 linea
1238 1055 1299 1132 47.
1344 1031 1495 1108 Partem
1518 1031 1627 1109 lineae
1651 1047 1699 1133 48
1722 1033 1811 1110 haec

188 1125 321 1222 verba,
347 1126 388 1202 in
409 1125 533 1203 medio
555 1125 665 1204 lineae
684 1123 820 1226 posita,
840 1145 1011 1224 ‘occupan

190 1316 556 1435 Postrlpocalypsrm
569 1317 767 1434 sequuntur
784 1221 984 1436 seanlVJc
1000 1227 1299 1422 Vriianllnpreffa,
1325 1343 1483 1438 quorum
1529 1322 1627 1399 riora
1644 1335 1815 1436 ⁸quatuor

189 1431 383 1494 continent
406 1419 603 1495 Menandri
634 1419 808 1496 Monachr
832 1421 879 1498 ad
906 1421 1082 1520 Jacobum
1116 1422 1162 1497 de
1197 1421 1341 1498 Isenaco
1378 1345 1596 1518 Eprstolun,
1627 1419 1813 1499 librorum

190 1513 423 1594 Biblicorum
453 1515 632 1594 summam
661 1519 847 1615 quandam
870 1518 1190 1616 &compendium
1214 1519 1468 1605 exhibentem,
1508 1541 1592 1594 cum
1613 1515 1814 1614 subjunstis

189 1611 369 1704 versrbus,
394 1614 458 1714 qui
482 1617 523 1692 in
544 1616 709 1731 pluribus
733 1617 906 1712 deinceps
925 1617 1126 1694 latinorum
1147 1616 1356 1692 Bibliorum
1377 1615 1457 1695 saec.
1474 1613 1558 1694 XV.
1582 1615 1813 1692 editionibus

191 1727 409 1803 occurrrtnt,
436 1735 529 1816 quos
552 1713 638 1792 rdeo
665 1715 832 1812 integros
853 1715 915 1790 hic
942 1715 1116 1792 exhibere
1138 1715 1259 1791 volui:

551 1809 625 1988 gui
650 1836 773 1889 memor
795 1811 857 1915 effe
882 1814 974 1912 cupit
997 1810 1159 1930 libramen
1184 1809 1388 1930 bibliotheca

548 1907 781 2084 llffalrltmrlpll
798 1911 947 2085 Verrseerlll
966 1909 1325 2110 erprVtVszvlletllpe
1344 2017 1448 2085 eornm

553 2103 710 2181 Invenies
796 2103 822 2180 d
843 2131 938 2181 umas
946 2107 983 2282 f
995 2107 1162 2224 studiosus
1183 2111 1261 2185 eris.

550 2201 642 2280 Ecce
660 2202 757 2279 Ilien
779 2201 863 2284 Chri
886 2231 903 2279 e
927 2204 1048 2282 cando
1066 2219 1191 2307 pretate
1219 2203 1368 2283 libellum

549 2299 609 2380 Sir
632 2298 814 2381 beneditsns
839 2207 935 2381 ileos
959 2303 1000 2382 s!
1023 2303 1119 2381 soene
1141 2304 1183 2381 de
1209 2307 1342 2405 virgine
1364 2311 1463 2414 natat

554 2397 731 2478 Credentes
751 2397 861 2479 verbis
873 2401 985 2502 sereres
995 2401 1135 2502 [calvare
1151 2417 1307 2504 paratus.

192 2493 276 2576 buo
299 2495 480 2596 postrema
499 2495 591 2595 folia
610 2503 803 2578 continent
830 2503 1013 2598 imprimis
1044 2525 1204 2578 canones
1228 2497 1544 2596 Evangelistarum
1567 2497 1688 2575 tribus
1709 2499 1817 2597 prio·

15 2641 24 2672 r
190 2596 483 2694 ribusnpaginis,
509 2597 549 2676 &
569 2599 704 2698 pagina
721 2599 854 2674 ultima
868 2600 1028 2674 indicem
1049 2601 1226 2676 librorum
1248 2597 1496 2682 Biblicorum,
1524 2619 1610 2672 cum
1637 2609 1727 2671 nota
1753 2599 1815 2672 fo·

192 2689 251 2778 lii,
278 2715 350 2790 quo
381 2694 474 2773 liber
506 2697 661 2793 quisque
684 2696 826 2793 incipit.
901 2696 1218 2792 Evangelistarum
1252 2717 1413 2773 canones
1438 2695 1552 2769 etiarn
1576 2694 1616 2769 in
1639 2695 1814 2789 margine

191 2787 415 2888 singulorum
437 2793 726 2891 Evangeliorum
745 2795 948 2872 minoribus
969 2794 1105 2872 litteris
1132 2794 1372 2882 exhibentur,
1397 2790 1468 2870 suis
1494 2791 1629 2890 quique
1652 2789 1760 2866 locis.

204 2993 212 3006 ·
291 2970 500 3064 Consentit,
526 2974 615 3053 teste
642 2974 725 3052 viro
749 2971 940 3050 clanffimo
966 2975 1147 3066 Maschio,
1184 2976 1267 3054 haec
1288 2971 1404 3050 editio
1430 2970 1553 3070 quoad
1575 2967 1720 3047 litteras
1741 2969 1816 3048 flo-

193 3077 336 3157 rentes,
376 3086 507 3171 typos,
546 3073 802 3153 &externam
825 3073 984 3149 formam
1011 3099 1096 3151 curn
1119 3075 1301 3160 editione,
1339 3089 1422 3168 quae
1445 3081 1574 3145 notam
1596 3070 1728 3145 annin
1760 3095 1811 3169 75

193 3165 412 3266 adscriptam
435 3173 564 3259 habet,
592 3172 630 3249 ὅ(
655 3171 747 3248 aCl.
775 3171 936 3248 Maschio
956 3171 1025 3247 loc.
1048 3175 1110 3250 cit.
1127 3169 1165 3272 ᾖ.
1182 3171 1301 3250 XXV.
1326 3168 1550 3244 describitur.
1626 3167 1666 3242 Si
1690 3095 1814 3265 pole·
1877 3181 1878 3184 ‘

67 3294 72 3307 =
193 3267 303 3340 rioris
326 3269 435 3384 hujus
458 3271 633 3346 editionis
658 3293 744 3345 curn
766 3270 868 3442 typi,
896 3283 977 3346 tum
1005 3271 1185 3443 imlprimis
1217 3270 1352 3381 litterte
1380 3265 1541 3343 initiales
1570 3265 1814 3340 conserantur
1875 3359 1876 3370 .

195 3387 280 3436 cum
301 3367 463 3442 editrone
484 3368 667 3463 Bernardi
696 3369 814 3444 Riche
829 3368 855 3442 ii
878 3366 1041 3444 Basileon
1057 3392 1088 3443 rs
1111 3367 1334 3465 typographi
1359 3385 1456 3439 anno
1483 3385 1575 3462 1477
1592 3361 1704 3450 satta,
1730 3362 1813 3440 &a
1874 3435 1875 3454 ,

195 3459 358 3537 Maschio
381 3463 450 3540 loc.
466 3466 528 3541 cit.
553 3461 591 3568 §.
615 3463 747 3544 XLIV.
785 3465 963 3564 descripta
985 3468 1074 3544 teste
1100 3467 1233 3542 eodem
1255 3461 1418 3540 Maschio
1435 3474 1592 3555 utraque
1610 3460 1732 3537 Bibba
1759 3483 1813 3535 ex

194 3571 270 3633 una
294 3565 495 3658 eodemque
513 3564 758 3663 typographia
780 3564 948 3660 prodiisse
970 3566 1030 3641 vel
1054 3563 1127 3662 ipse
1147 3562 1355 3660 conspet'tus
1378 3559 1814 3671 unumquemque-doce-
1872 3607 1873 3668 y

196 3656 262 3732 bit.
314 3662 421 3750 Quod
444 3659 469 3738 sr
489 3662 569 3738 haec
589 3663 715 3738 omnia
733 3663 787 3738 ita
809 3659 845 3736 se
868 3663 1045 3739 habeant:
1069 3661 1247 3738 habemus
1271 3682 1339 3736 nos
1367 3658 1525 3754 primam
1551 3655 1710 3731 Richelri
1734 3656 1814 3732 Ba·
1871 3705 1872 3766 y

200 3755 354 3834 fileenfis
377 3761 600 3858 typographi
624 3761 845 3845 editionem,
873 3761 959 3835 anni
983 3776 1127 3846 tamen,
1154 3759 1297 3854 locique
1317 3770 1406 3831 nota
1427 3753 1594 3850 impressa
1612 3767 1815 3832 carentem.
1869 3791 1871 3861 y

198 3855 370 3932 Secunda
396 3857 497 3936 enim
521 3875 649 3934 notam
669 3857 796 3934 saltem
818 3858 890 3933 anii
919 3883 1031 3962 1475,
1068 3859 1180 3935 tertia
1200 3881 1276 3936 non
1294 3855 1382 3932 anni
1404 3865 1551 3930 tantum
1577 3847 1728 3954 (1477)
1752 3849 1816 3928 sed
1867 3869 1870 3957 y

198 3949 237 4032 dc
262 3953 355 4042 loci,
381 3953 419 4036 δι
444 3955 667 4054 typographi
691 3969 818 4032 notam
834 3957 956 4034 habet.

1866 3977 1869 4055 l

198 4147 259 4240 11.
291 4147 602 4240 Bartholomaei
629 4152 810 4268 Cepolae
831 4115 1111 4258 trasimunde
1133 4144 1410 4238 servitutibus
1434 4141 1697 4234 urbanorum
1714 4171 1815 4262 pre·
1863 4075 1868 4247 l

308 4267 498 4361 diorum.
537 4267 689 4356 Romae
712 4271 826 4382 apud
843 4267 885 4356 S.
904 4265 1111 4358 Marcum
1131 4283 1254 4378 1475.
1287 4263 1331 4354 in
1355 4259 1462 4358 For.
1862 4253 1866 4446 4

298 4459 484 4539 Praemilsa
501 4461 554 4539 est
576 4462 615 4540 in
631 4461 753 4546 nostro
768 4463 917 4561 quidem
934 4462 1136 4559 exemplari
1153 4461 1276 4539 tabula
1294 4456 1551 4544 materiarum,
1578 4479 1661 4555 quae
1680 4457 1719 4534 in
1740 4461 1812 4540 hoc

200 4559 293 4639 libro
318 4560 604 4662 peruatlantur,
630 4575 788 4664 quatuor
815 4561 916 4642 soliis
937 4561 1206 4662 comprehensa.
1265 4554 1361 4636 Tum
1384 4556 1515 4706 incipit
1528 4578 1632 4658 opus
1655 4557 1813 4734 iubs?-

1855 4931 1859 4989 l
