3794 5028
750 221 1076 352 ψ
1634 261 1718 354 109

98 426 201 544 ql&
213 427 255 508 in
273 426 347 508 hoc
366 451 479 546 opere
498 427 715 523 firmiffima,
741 432 824 512 alba
836 433 886 548 ‘dt
907 434 1056 512 munda.
1086 430 1283 512 -Cbartarii
1301 453 1446 534 qunque
1457 428 1617 530 signnm
1631 455 1724 512 om·.

96 549 203 604 mum
221 527 506 626 frequentissune
529 555 727 608 occurrens
749 531 800 607 est
819 532 946 608 bttera
965 533 1018 618 D,
1044 553 1156 629 quarn
1170 531 1271 608 stilus
1293 556 1341 608 ex
1358 555 1433 608 una
1452 535 1556 630 parte
1571 532 1611 608 in
1628 555 1712 608 cru·
1883 557 1884 570 ¹

95 647 201 712 cem,
227 649 277 701 ex
299 625 415 703 altera
435 627 475 704 in
496 627 674 704 annulum
688 628 854 706 desinens
872 629 969 705 secat
989 630 1067 705 fere
1091 629 1265 706 medium.
1315 629 1457 705 Praeter
1479 629 1550 706 hoc
1573 627 1713 724 signum

95 723 303 820 aliquoties
322 724 437 804 etiam
465 725 653 804 observavi
674 749 862 806 coronam.
912 727 1020 815 Quod
1044 749 1134 805 vern
1161 727 1300 806 chartae
1329 728 1464 804 attinet
1487 749 1549 816 ma
1601 726 1713 824 'tudi-

93 843 202 908 nem,
246 843 291 897 ea
313 822 464 918 quidem
482 822 522 899 in
542 822 732 921 posteriori
766 823 839 899 hoc
869 835 981 922 opere
1002 825 1125 900 minor
1157 823 1228 911 est,
1266 846 1377 920 quarn
1397 825 1437 900 in
1455 823 1531 922 ipso
1564 825 1715 920 peculm

92 917 153 1089 {tau¹
173 929 221 994 ut
243 919 387 1032 quaenis
403 921 518 1092 {tiam
532 920 704 998 column
717 921 901 1033 minorem
915 921 1177 1036 compleslatnr
1199 943 1393 1040 numerum
1410 921 1607 1036 linearum..
1652 917 1715 996 Ad

93 1014 1713 1227 ssffissssnss.‘illis'..isslssss'sssbs‘sssffils“⁰”sbs⁰'ls”ssnss

94 1223 201 1288 ttone
225 1209 401 1288 hastenus
420 1212 535 1300 data,
573 1213 785 1290 additiones
809 1213 894 1290 istas
918 1213 1040 1311 quoad
1062 1228 1257 1292 externam
1280 1215 1439 1292 sornram
1459 1238 1536 1290 non
1564 1212 1712 1288 differre

96 1310 143 1384 ab
166 1307 244 1406 ipso
270 1308 412 1405 speculo
435 1309 611 1398 Duranti,
652 1310 718 1386 nist
741 1312 781 1387 in
801 1333 956 1388 numero
981 1311 1173 1398 soliorum,
1217 1312 1255 1390 &
1273 1312 1412 1388 chartae
1445 1310 1710 1406 magnitudine.

94 1405 234 1482 Nullus
260 1407 375 1502 igitur
396 1406 544 1494 dubito,
572 1409 661 1505 quin
686 1432 734 1483 ex
760 1409 891 1486 eadem
984 1409 1178 1506 ograpbia,
1206 1433 1286 1488 nec.
1303 1409 1369 1486 diu
1389 1407 1469 1511 post
1495 1407 1610 1506 ipsum
1637 1407 1713 1505 spe·

95 1503 245 1591 ctrlum,
270 1526 368 1580 anno
394 1501 523 1582 saltem
546 1531 650 1606 1474
672 1506 878 1603 prodierint
900 1506 940 1582 in
980 1528 1098 1584 ucenu

56 1687 61 1696 ⁵
95 1733 209 1830 Vll.
247 1727 721 1871 duretisnugnjlsni·
754 1731 986 1869 Iponrnsni
1014 1731 1188 1870 ,psulst
1217 1730 1464 1874 dignsfflmi.
1509 1735 1620 1828 siber
1661 1735 1714 1829 dt

174 1937 179 1946 .
213 1845 353 1960 nflttsu
369 1878 584 1943 arctorum
606 1851 651 1941 ss
676 1861 907 1942 vtrtotum.
938 1863 1092 1970 tnctptt
1106 1851 1308 1964 feltctter.
1334 1879 1381 1944 m
1397 1849 1439 1942 F
1442 1854 1504 1951 ol.
1529 1853 1636 1942 min.

197 2068 295 2148 Haec
315 2069 539 2148 verbotenus
560 2071 734 2168 leguntur
755 2068 795 2144 in
818 2069 941 2146 fronte
985 2070 1090 2146 rimae
1114 2068 1223 2167 primi
1244 2069 1325 2147 solii
1345 2069 1502 2168 paginae.
1552 2065 1712 2182 Opuscu·

96 2167 178 2244 sum
201 2167 314 2256 istud,
340 2166 421 2244 osto
444 2168 545 2245 soliis
565 2168 752 2254 constans,
776 2166 912 2245 litteris
937 2091 988 2244 es
1016 2167 1225 2265 impressum
1253 2168 1404 2254 iisdem,
1428 2165 1560 2264 quibus
1582 2189 1712 2242 nnme-

100 2267 203 2342 diate
225 2265 440 2363 praecedens
466 2289 572 2365 opus.
649 2267 771 2354 Quare
796 2264 918 2340 nullus
945 2265 1092 2351 dubito,
1137 2267 1227 2362 quin
1248 2289 1297 2342 ex
1318 2265 1447 2341 eadem
1468 2263 1713 2362 typographia

100 2365 236 2440 eodem
257 2364 405 2440 circiter
428 2375 595 2463 tempore
620 2361 808 2461 prodierit.
882 2362 1036 2440 Litterae
1057 2361 1239 2452 initiales,
1273 2361 1485 2459 signaturae,
1514 2359 1711 2446 Custodes,

101 2463 322 2558 paginarum
345 2463 488 2538 numeri
515 2461 653 2539 desunt.
729 2459 884 2572 Signum
906 2457 1142 2536 distintbionis
1164 2461 1315 2538 unicum
1333 2459 1513 2545 occurrit,
1539 2456 1712 2555 punsbum

99 2559 249 2634 scilicet.
302 2553 364 2634 Ad
383 2557 523 2636 calcem
548 2561 694 2657 paginae
715 2556 877 2647 ulttmae,
904 2579 988 2658 quae
1014 2556 1169 2636 secunda
1191 2557 1242 2636 est
1264 2556 1383 2635 ottavi
1405 2555 1507 2642 solii,
1532 2555 1613 2634 baec
1630 2565 1713 2634 tan·
1829 2603 1832 2608 -

101 2670 183 2732 tum
203 2655 395 2752 leguntur:
423 2653 521 2734 laos
545 2655 617 2734 deo.
1237 2721 1241 2728 x
1475 2671 1478 2676 '
1707 2723 1711 2732 .

99 2877 235 2984 Vlll.
268 2885 382 3000 118.
403 2884 631 3000 Augustini
659 2884 796 2976 Liber
823 2889 878 2978 de
892 2883 997 2981 llll.
1027 2884 1213 2978 abusivis
1239 2878 1394 2976 saculi.
1425 2883 1476 2996 2)
1493 2879 1710 2996 EJ'usdem

207 2998 443 3108 sententia,
472 3001 625 3116 paucis
654 3001 783 3090 lineis
818 3001 1148 3117 comprehensa,
1180 3001 1236 3089 de
1265 3001 1436 3110 origine
1466 2999 1637 3102 anima,
1665 2998 1710 3086 sle

216 3119 270 3234 3)
307 3119 364 3206 de
414 3115 688 3206 divinatione
724 3117 967 3208 damonum
999 3113 1210 3206 sententia
1249 3141 1339 3202 non
1380 3112 1488 3200 nihil
1523 3113 1707 3221 longior.

211 3233 263 3346 4)
295 3231 337 3319 S.
366 3227 565 3320 Anselmi
587 3230 686 3319 libri
710 3233 798 3318 duo
819 3233 873 3322 de
888 3256 966 3340 eo,
999 3258 1075 3320 cur
1101 3234 1207 3318 deus
1223 3226 1409 3318 Homo?
1435 3222 1710 3324 inFol.min.

204 3451 373 3536 Quatnor
391 3447 472 3524 haec
495 3445 666 3560 opuscula
686 3445 953 3562 charasteribus
972 3448 1123 3534 iisdem,
1161 3441 1352 3556 eidemque
1383 3441 1712 3561 chartae-impressa

105 3545 311 3722 nnn
345 3543 698 3755 ,stetisset
716 3543 1074 3756 susanne
1093 3568 1205 3755 nn
1223 3541 1711 3753 ineluibiles}

105 3767 188 3818 rnrn
206 3743 363 3817 duorum
377 3741 675 3837 praecedentium.
727 3739 882 3835 Signum
897 3738 1197 3837 interpunstioms
1211 3759 1360 3814 unicum
1375 3734 1581 3823 observavi,
1609 3763 1711 3813 nem·

106 3865 151 3940 pe
170 3839 372 3951 punstunu?
416 3837 570 3912 litterae
591 3836 775 3950 initiales,
789 3835 978 3949 custodes,
1005 3835 1218 3934 signatura,
1242 3836 1458 3948 paginarum
1483 3835 1626 3910 numeri
1648 3837 1711 3970 de:

106 3939 224 4132 sib.
237 3933 1395 4148 ‚sltffltssbbslsssslspissi.lists
1410 3931 1711 4142 slsissslpssl

109 4137 155 4208 do
183 4135 270 4208 huic
288 4130 378 4204 solio
401 4153 478 4205 non
502 4127 735 4214 suffecerant,
761 4128 801 4206 δι
815 4128 978 4225 amplum
998 4152 1037 4204 tn
1058 4143 1212 4226 utraque
1227 4149 1361 4224 pagina
1382 4049 1534 4222 ppatmm
1554 4127 1710 4222 relique·

109 4255 195 4319 runt
217 4259 387 4313 vacuum.
453 4232 563 4310 Nono
590 4233 739 4310 demmn
760 4231 851 4308 solio
879 4231 941 4310 Aa
962 4230 1071 4308 belms.
1096 4232 1306 4330 Cantnmso4
1321 4229 1544 4330 Arcsn'psusis.
1559 4233 1709 4328 prefatio

110 4343 144 4414 in
168 4333 258 4412 lr'bni
281 4329 444 4408 tardent
460 4327 565 4412 bono.
588 4331 704 4430 incipit
718 4329 875 4425 feliciter.
956 4329 1030 4408 olio
1054 4335 1118 4420 26,
1142 4331 1276 4428 pagina
1295 4331 1432 4436 prima,
1457 4329 1554 4404 linea
1572 4354 1606 4426 3.
1629 4327 1711 4404 Ex·

108 4437 202 4533 plicis
222 4434 351 4532 primus
374 4427 468 4505 siber.
495 4454 555 4504 cur
575 4427 655 4504 dtus
677 4425 729 4502 sto.
756 4425 880 4525 Incipit
901 4425 986 4504 liber
995 4427 1119 4527 scdbs,
1142 4431 1199 4526 qni
1220 4425 1394 4504 intitules.
1428 4423 1710 4508 Cur-deussene.

114 4531 304 4612 Secundus
327 4529 419 4606 liber
442 4526 522 4604 solii
544 4543 611 4625 38,
636 4525 760 4602 aversa
777 4529 927 4623 pagina,
950 4527 1048 4604 linea
1064 4550 1122 4624 35.
1150 4527 1377 4618 terminatur.
1434 4523 1605 4602 Totidem
1623 4549 1713 4624 qno·

1598 4646 1668 4720 que
