3818 5028
166 204 263 312 150¹
808 181 1137 318 ssj
1172 233 1177 254 ⁸
1397 255 1402 262 ·

160 389 339 507 sinistram
362 383 486 464 versus
514 379 943 500 descendentem'abeat.
1018 389 1166 468 Voconi
1187 384 1363 562 slm’
1398 405 1482 502 quae
1506 384 1647 466 infine
1669 383 1772 466 linea

164 491 295 603 sapius
316 487 464 564 fuerant
480 483 706 582 separandae,
730 485 1006 583 conjungendas
1021 501 1205 599 typograp
1231 507 1278 564 us
1298 497 1444 562 monuit
1464 481 1513 560 ad
1525 485 1613 564 estis
1636 486 1778 562 duabus

164 591 285 665 lineis.
349 583 393 662 Io
418 584 538 683 pinna
560 584 695 683 pagina
718 581 801 662 solii
822 582 1009 661 undecimi
1033 597 1106 660 tria
1144 597 1342 664 occurrunt
1378 603 1512 680 exemp
1527 605 1568 670 a,
1602 583 1771 752 nimissm

1646 702 1706 777 epi
1721 701 1776 752 coi

165 792 299 880 patum
369 766 372 776 “

187 975 195 993 ⁸
1708 867 1776 946 offiz

166 987 263 1054 tium

1673 1065 1776 1142 anie

166 1171 321 1349 {aionem
344 1261 506 1342 initiales
529 1260 711 1359 capitum,
747 1259 935 1348 custodes,
970 1257 1181 1357 signatiuae,
1219 1260 1434 1359 paginamm
1457 1259 1622 1345 numeri,
1661 1259 1702 1338 dr
1723 1260 1776 1336 iii·
1882 1182 1890 1328 l

165 1368 382 1476 scriptiones
399 1361 522 1471 ubivis
541 1358 678 1472 desunt.
758 1359 897 1470 Charta
914 1361 999 1434 satis
1022 1357 1130 1470 firma
1147 1358 1218 1472 est,
1247 1359 1286 1436 dt
1305 1359 1404 1435 alba:
1437 1357 1613 1434 chartarii
1635 1355 1774 1471 signum
1885 1355 1890 1470 l

163 1477 275 1563 caput
299 1463 425 1546 bovis,
449 1478 555 1553 cujus
574 1469 671 1532 inter
691 1477 830 1531 cornua
853 1455 953 1530 stilus
974 1467 1124 1550 exurgit
1145 1477 1185 1529 in
1208 1453 1348 1530 stellam
1369 1453 1547 1531 desinens.
1610 1453 1775 1550 Singulae
1888 1475 1891 1561 l,

163 1565 331 1736 till*
356 1552 692 1730 silisis}
711 1553 1184 1726 hullthltlli‘fflpt
1197 1549 1527 1723 similist
1546 1551 1777 1720 ²⁴sl⁰¹¹¹⁹¹²'

164 1679 359 1954 &aazia
377 1751 461 1830 solii
483 1673 564 1827 rial)
573 1705 691 1826 lineas
715 1673 900 1844 aglusolii
933 1673 1116 1847 vergil}¹
1129 1671 1263 1845 {agina
1282 1672 1568 1844 primaetantuln
1597 1671 1657 1823 acc
1672 1669 1776 1820 ἓξὲξ-
1889 1731 1891 1740 ’

260 1875 273 1927 ι
336 1906 346 1927 .
1065 1873 1068 1880 ·
1547 1894 1549 1903 .

265 2043 308 2119 ln
330 2039 499 2135 catalogo
519 2036 769 2150 Bifflhffl.
784 2034 914 2131 Regiae
928 2031 1234 2148 ‚Parilinaesom
1255 2036 1283 2112 Ι.
1305 2034 1348 2112 dr
1360 2035 1397 2112 lii
1410 2034 1673 2138 theologirpag.
1691 2061 1774 2135 goi.
1890 1997 1892 2010 1

165 2139 282 2220 article
301 2165 383 2236 901,
408 2137 538 2213 eadem
558 2134 673 2210 editio
694 2133 878 2212 indicatur
900 2133 959 2209 his
984 2134 1126 2209 verbis:
1164 2131 1237 2208 Gra
1260 2135 1326 2209 orii
1346 2133 1439 2233 Papi
1463 2133 1548 2212 siber
1571 2159 1608 2209 rr
1654 2137 1689 2210 le
1708 2161 1775 2236 pa·
1892 2149 1893 2222 ῐ

156 2239 310 2345 floralis,
335 2233 382 2311 od
399 2229 573 2352 Jocabor!
596 2226 869 2344 archiepiscopum
893 2228 1124 2327 Roomrnsem.
1186 2230 1223 2306 E
1248 2233 1306 2305 itio
1328 2233 1527 2330 pacatique
1610 2229 1687 2307 ibor
1708 2233 1773 2307 ad·

166 2337 229 2414 siric
251 2331 429 2440 eJoliomrrs
454 2328 566 2429 Fausti
586 2326 785 2425 Mogontini
811 2325 1027 2426 calcographi
1045 2328 1134 2425 typis
1158 2327 1297 2426 emcafii,
1338 2339 1375 2402 at
1394 2328 1548 2431 iifferi'tiir
1571 2326 1774 2406 oGobri'ela
1893 2369 1894 2392 1

165 2435 341 2518 Noudion,
370 2429 488 2504 soram
515 2449 625 2500 reram
642 2424 832 2524 pariti‘ffimo
853 2424 888 2498 i‘ii
909 2435 989 2498 nota
1013 2444 1115 2510 niano
1136 2425 1237 2525 ipſsos
1251 2424 1394 2524 scripio
1459 2427 1515 2504 Cl.
1541 2428 1587 2502 de
1607 2425 1711 2504 Bure
1735 2431 1774 2506 in

164 2526 421 2628 Billiogropliie
443 2521 626 2637 Inflratiio.
664 2520 730 2596 vos.
769 2518 1027 2634 lbeologiasll.
1043 2546 1125 2634 495.
1141 2547 1190 2620 po
1216 2580 1224 2597 .
1248 2528 1332 2619 316.
1350 2523 1442 2620 seqq.
1467 2524 1654 2621 exemplar
1675 2525 1772 2602 istud

161 2628 405 2708 Bibliothecae
426 2647 466 2699 re
492 2643 539 2698 iae
557 2616 838 2697 satisadcurate
861 2615 1060 2729 descripsit,
1085 2633 1139 2693 ita
1155 2547 1297 2706 saltem,
1322 2634 1365 2696 ut
1384 2621 1590 2716 exemplar,
1616 2624 1717 2717 quod
1733 2627 1772 2698 iii

160 2725 393 2806 Bibliotheca
416 2646 532 2830 exlat
556 2713 681 2812 hujate
704 2714 931 2825 academica,
959 2715 1125 2811 ejusdem
1156 2717 1330 2791 editionis
1352 2717 1421 2793 else
1442 2716 1550 2815 plane
1577 2717 1769 2796 convittus

160 2823 236 2902 sini.
287 2820 373 2896 Non
391 2818 529 2916 placuit
550 2835 640 2888 vero
662 2807 850 2886 clarissimo
872 2810 919 2886 de
941 2810 1041 2886 Bure
1068 2813 1251 2889 Gabrielis
1276 2813 1450 2902 Naudaei,
1477 2815 1540 2911 qui
1563 2814 1694 2890 harum
1712 2839 1772 2893 re·

160 2943 244 2999 rum
266 2918 400 2996 merito
425 2905 656 3010 peritissimus
678 2907 813 2984 dicitur
837 2907 883 2983 ab
905 2907 1047 2984 editore
1070 2910 1228 3006 catalogi
1254 2909 1482 2987 Biblothecae
1508 2911 1621 3007 regiae
1643 2913 1771 3008 parifi-

159 3041 238 3104 nae,
265 3017 492 3106 aliorumque
507 3005 702 3091 sententia,
728 3005 928 3082 editionem
945 3005 1308 3084 istamcircaannum
1331 3029 1433 3106 145o.
1457 3007 1657 3179 allomnne
1674 3009 1703 3083 F
1704 3033 1772 3086 aii·

159 3117 213 3192 sto
234 3111 337 3191 fuisse
360 3109 461 3207 typis
479 3103 649 3181 excusam
656 3126 668 3196 ;
708 3115 904 3199 putatque,
943 3103 1040 3177 circa
1072 3125 1208 3180 annum
1247 3129 1340 3201 140
1370 3107 1487 3202 prodii
1516 3130 1536 3180 e
1565 3107 1606 3180 in
1635 3105 1770 3183 lucem.
1816 3155 1818 3159 -

157 3213 309 3290 Fateor:
338 3229 406 3284 nec
430 3225 500 3300 ego
521 3213 638 3277 tantae
660 3199 892 3312 antiquitatis
912 3197 1006 3300 hanc
1029 3199 1230 3310 editionem
1244 3129 1425 3298 judicavi,
1451 3203 1489 3280 &
1504 3203 1653 3299 quidem
1665 3219 1768 3294 ante,

157 3331 269 3406 quam
287 3305 343 3382 Cl.
361 3304 408 3380 de
423 3303 523 3378 Bure
543 3298 760 3373 sententiam
779 3293 950 3390 legissem.
1000 3294 1099 3372 Sane
1117 3295 1253 3374 litterae
1273 3322 1347 3374 non
1367 3298 1447 3374 sunt
1462 3299 1555 3374 adeo
1568 3301 1699 3387 rudes,
1723 3317 1769 3380 ut

157 3403 308 3480 Gabriel
324 3399 512 3476 Naudaeus
534 3394 715 3470 adfirmat
779 3392 978 3503 Linearum
999 3415 1174 3468 numerus
1196 3396 1236 3471 in
1256 3392 1406 3492 lingulis
1426 3396 1590 3493 paginis,
1625 3395 1652 3472 fi
1699 3419 1769 3474 aii·

157 3523 221 3578 cas
245 3499 445 3576 admodum
465 3492 648 3606 excipias,
745 3487 858 3574 uasis,
883 3488 940 3564 uti
962 3485 1076 3564 etiam
1099 3491 1312 3568 earumdem
1340 3492 1526 3568 distantia:
1566 3419 1766 3589 Regulus:

155 3599 270 3675 etiam
291 3593 413 3670 ubivis
429 3590 715 3702 serevlinearum·
747 3597 817 3697 'tus
846 3583 906 3660 est.
966 3584 1051 3698 'Sed
1071 3586 1154 3662 liaec
1174 3588 1282 3664 aliter
1302 3589 1337 3667 se
1358 3589 1495 3666 habent
1517 3590 1556 3665 iri
1578 3591 1690 3686 pleris
1717 3615 1767 3670 ue

154 3681 850 3879 airsrhiaietaraiih
869 3613 1767 3860 Narmal?

178 3891 226 3978 it,
249 3887 288 3965 dr
308 3807 395 3960 mile
413 3881 522 3992 longe
543 3879 656 3991 etiam
673 3876 884 3952 adcuratiiis
905 3831 1177 3988 notaaillilrum
1191 3807 1495 3956 choralleristicas
1510 3881 1631 3975 potuit
1645 3827 1762 3978 agno:

150 3915 268 4072 aare,
293 3981 470 4075 refragari
494 3974 693 4051 sententiae.
757 3972 800 4047 ld
828 3984 935 4069 puto,
964 3994 1086 4070 quivis
1112 3974 1220 4068 facile
1243 3975 1439 4073 largietur:
1470 3977 1671 4054 editionem
1692 4003 1761 4053 no·

150 4083 261 4160 stram
287 4077 356 4156 esse
378 4070 606 4156 rarilhmam,
643 4069 683 4147 dr
704 4069 802 4145 sorte
823 4071 988 4148 omnium
1011 4071 1187 4166 primam,
1225 4073 1324 4148 circa
1346 4096 1482 4150 annum
1506 4073 1632 4148 saltem
1653 4093 1698 4172 14
1723 4102 1758 4152 o.

147 4177 327 4270 excusam.
379 4167 512 4285 Quodsi
533 4167 714 4280 carolino
736 4165 895 4278 primum
916 4189 1013 4280 anno
1031 4168 1188 4264 prodiit,
1213 4167 1344 4249 Fausto
1357 4195 1433 4250 non
1454 4168 1571 4269 potest
1589 4099 1755 4260 adscribi,

146 4291 190 4356 ot
211 4289 299 4377 pote
325 4271 390 4375 qui
411 4268 552 4368 aliquot
573 4265 706 4345 abhinc
731 4285 839 4340 annis
857 4285 934 4362 Jam
956 4265 1107 4344 obierat.

1567 4537 1696 4634 Lvi.
