3790 5030
102 433 169 534 V.
194 435 395 556 Appiani
421 439 710 533 Alexandrini
735 439 1028 530 Romanarum
1050 438 1336 530 Historiarum
1362 435 1489 530 Libri
1514 456 1716 555 quatuor,

222 555 462 663 Celticam,
500 557 748 669 Syriacam,
785 554 1029 646 Parthicam
1056 554 1101 643 dt
1132 552 1478 646 Mithridaticam
1520 555 1714 666 comple·

221 667 405 758 dientem
464 667 578 758 Item
604 670 802 781 eiusdem
822 669 928 758 ¹libr-i
959 669 1150 785 quinque
1182 671 1237 758 dc
1259 668 1399 758 Bellis
1422 667 1719 756 Romanorum

223 784 449 889 ciuilibus,
481 784 636 900 quibus
656 788 877 874 accedunt
903 784 1037 888 liber,
1068 785 1143 899 qui
1168 782 1357 872 Illiricus
1384 779 1647 886 inscribitur,
1677 781 1722 870 dt

220 899 334 988 liber
359 897 435 986 seu·
454 898 600 998 brevis
631 900 820 986 narratio
849 901 903 984 de
933 897 1053 984 bello
1088 898 1268 989 celtico.
1358 895 1566 985 Venetiis
1605 921 1737 982 anno

226 1035 350 1128 1477.
386 1038 463 1124 per
478 1011 742 1102 Bernardum
762 1009 1004 1115 rictorem,
1035 1009 1078 1098 dt
1101 1009 1344 1100 Ethardum
1366 1009 1550 1098 Ratdolt
1569 1009 1720 1122 Augu·

182 1231 187 1236 ,
220 1125 633 1332 fila-Fvlindelicum.
670 1126 829 1216 Omnia
848 1123 1083 1217 secundum
1112 1117 1495 1216 verdonem'Petri
1516 1124 1718 1249 Candidi.

341 1269 367 1330 o
387 1304 403 1338 .

268 1463 559 1563 Splendidimma
585 1465 719 1542 merito
739 1465 819 1544 haec
842 1465 916 1543 dici
939 1460 1056 1564 potest
1083 1462 1220 1550 editio,
1257 1473 1387 1562 umore
1434 1482 1493 1538 uae
1516 1458 1721 1538 charatiere
1796 1459 1798 1469 '

105 1561 274 1640 rotundo
294 1564 402 1662 plane
426 1562 685 1660 elegantilhmo
711 1563 749 1642 dt
776 1565 915 1640 chartae
939 1561 1197 1650 mundilhmae,
1237 1585 1280 1638 ac
1300 1483 1521 1658 ampliihmis
1542 1556 1721 1634 instantiae

103 1661 364 1756 marginibus,
383 1662 447 1759 qui
470 1662 595 1738 brevia
610 1683 733 1739 rerum
753 1675 970 1758 argumenta
994 1661 1189 1747 exhibent,
1217 1659 1267 1735 est
1291 1657 1469 1755 impteffa.
1518 1654 1585 1752 Ipsi
1611 1667 1722 1750 typo·

102 1758 237 1856 graphi
261 1781 345 1836 earn
371 1761 411 1836 in
444 1759 517 1836 duo
549 1759 738 1836 volumina
765 1759 992 1844 tribuerunt,
1035 1779 1192 1854 quorum
1213 1756 1253 1832 in
1274 1755 1395 1831 nostro
1421 1754 1568 1852 quidem
1594 1775 1721 1829 exem·

129 1856 200 1932 lari
224 1857 347 1952 prius,
371 1857 411 1935 δι
435 1858 480 1932 ab
503 1857 704 1953 interprete
729 1855 884 1932 Nicolao
906 1854 951 1933 V.
979 1855 1023 1930 R.
1041 1855 1082 1931 P.
1105 1853 1317 1930 dedicatum
1345 1851 1458 1928 libros
1481 1862 1639 1948 quatuor
1664 1848 1723 1923 hi·
1769 1923 1771 1930 ,

102 1879 318 2040 ilariarum,
346 1955 500 2032 Celticae
515 1955 712 2042 nimirum,
739 1955 925 2051 Syriacae,
952 1953 1154 2037 Parthicae,
1175 1951 1214 2029 δι
1233 1951 1516 2036 Mithridaticae,
1544 1947 1723 2047 posterius
1887 1969 1888 2016 1

106 2075 218 2139 vero,
246 2053 292 2128 ab
314 2054 516 2150 interprete
533 2050 720 2149 Alphonlo
738 2050 938 2147 Aragoniae
960 2051 1055 2160 Regi
1074 2049 1304 2136 dedicatum,
1329 2049 1443 2125 libros
1464 2047 1624 2217 quinpue
1645 2043 1723 2120 bel·

103 2147 229 2225 lorum
265 2150 430 2228 civilium
467 2173 552 2227 cum
587 2149 919 2226 adnexisaednohus
942 2149 1024 2224 ahis
1051 2150 1089 2224 in
1116 2148 1227 2224 titulo
1250 2146 1424 2222 indicatis
1447 2142 1720 2241 compeditur:

102 2263 307 2420 Btrpmque
325 2249 439 2364 etiam
458 2249 631 2422 νοΙιιὰηΞη
652 2246 868 2424 srnggcrlarem·
885 2247 998 2324 habet
1023 2244 1339 2418 subsffliitiffiffln·
1367 2245 1463 2320 infra
1481 2241 1720 2414 recptsstndam.

103 2357 455 2557 ,nitalstete
481 2365 1215 2530 th‚⁰,tnnttt'lhhhlt
1243 2355 1544 2554 ,lihidinis
1559 2359 1721 2533 nlla
1769 2545 1774 2550 .

105 2533 486 2716 renarrat-rh
540 2541 626 2715 ht
640 2539 764 2716 rh
792 2466 1722 2728 rrrihnrrnrrrrrrrrlnrrr

105 2733 259 2840 Sophiste
286 2697 524 2814 Alexandrini
547 2735 612 2814 Aa
642 2662 825 2812 Niiolanin
849 2737 966 2832 meineri
982 2735 1117 2832 snmmn
1163 2735 1303 2833 dtificem
1329 2732 1482 2827 Prefialio
1507 2657 1720 2828 inciperent-

104 2835 235 2948 cr'fflnre.
287 2835 391 2912 Folio
416 2835 572 2950 sectando
593 2831 755 2931 Appiani
777 2833 885 2930 ipsius
909 2834 1040 2946 incipit
1061 2759 1296 2945 Proiemium
1318 2833 1357 2907 in
1376 2831 1583 2947 Romanam
1611 2826 1720 2902 histo·

104 2929 1363 3141 ht’etth?nltltehfflthlhln,ihtltrh‘stlltl
1383 2926 1423 3007 A
1436 2923 1761 3103 interlita

104 3152 193 3206 rum
217 3131 260 3206 in
281 3131 422 3227 capita,
447 3130 611 3227 aliasque
635 3129 807 3204 sectiones
827 3147 991 3203 minores
1021 3123 1208 3201 distmiiro.
1273 3124 1468 3202 Librorum
1490 3145 1579 3199 vero
1602 3119 1721 3215 finga-

104 3227 232 3304 lorum
256 3227 342 3304 finis
371 3227 410 3306 dt
434 3229 582 3304 initium
605 3228 675 3302 hac
698 3227 759 3301 vel
787 3223 893 3300 fimili
917 3224 1061 3300 tatione
1092 3234 1285 3301 notantur:
1314 3219 1375 3318 Ap
1399 3223 1469 3296 iani
1487 3215 1722 3296 Alexandrini

106 3322 257 3440 Soplryle
283 3325 511 3402 Romanorum
541 3323 626 3400 liber
642 3325 727 3422 finit
746 3325 804 3421 qni
817 3319 967 3420 Libycas
996 3317 1173 3426 inscribis.
1235 3317 1350 3395 Tradat
1379 3321 1410 3393 io
1438 3318 1479 3394 P.
1514 3313 1662 3393 Candidi
1682 3353 1721 3374 -

107 3421 266 3522 Appenni
284 3423 519 3500 Alexandrini
536 3421 683 3538 Soplrffle
697 3420 926 3498 Acerranorum
946 3417 1030 3495 liber
1049 3419 1166 3518 incipit
1202 3421 1238 3494 ai
1255 3417 1377 3516 Syrius
1393 3412 1572 3516 inscribit&
1632 3411 1721 3488 Tra·

108 3520 229 3598 duilio.
252 3522 294 3597 P.
315 3519 472 3598 Candidi.
522 3521 704 3620 Inprrmo
727 3517 1160 3617 voluminefoliaimpre
1187 3516 1518 3612 anmnerari131‚
1559 3509 1631 3587 -Ad
1644 3511 1722 3588 cal·
1866 3588 1869 3594 .

109 3644 193 3696 cem
225 3639 314 3698 vero
349 3622 431 3697 haec
461 3619 612 3718 sequens
643 3619 779 3697 icitur
812 3617 965 3693 notitia:
1007 3613 1201 3716 Impreffam
1234 3612 1363 3717 eslim
1449 3613 1642 3689 sVenerr'r'r
1659 3635 1721 3708 per

108 3715 296 3792 Bernordei
314 3717 469 3817 piAorem
491 3717 531 3796 El
550 3643 747 3794 Erlrarinm
765 3712 894 3792 raldoll
915 3710 956 3786 de
986 3710 1143 3812 Augusta
1176 3735 1245 3788 ona
1279 3737 1351 3786 enm
1383 3638 1485 3787 iiim
1522 3709 1643 3816 losicin
1680 3705 1721 3782 rie
1812 3704 1816 3720 '

110 3815 312 3916 Langencen
336 3815 518 3893 eorreliore
536 3839 576 3892 ac
588 3814 693 3918 socio.
752 3811 851 3894 Laus
878 3809 965 3891 Deo.
988 3811 1045 3892 M.
1064 3803 1201 3892 CCCC.
1222 3807 1441 3891 LxXVln
1768 3917 1771 3930 Δ

415 3961 421 3972 »
997 3987 1001 3997 f
1183 3948 1188 3956 ·
1456 3979 1457 3982 e
1758 3935 1769 3992 r

272 4057 438 4134 Primum
459 4055 662 4134 voluminis
685 4051 895 4167 posterioris
916 4052 1047 4131 folium
1062 4053 1275 4153 interpretis
1297 4051 1567 4130 dedicationem
1589 4051 1635 4124 ad
1654 4046 1721 4162 lil-
1851 4037 1856 4044 ’

137 4155 288 4234 honsum
306 4153 507 4251 dragonioe
529 4177 655 4251 regem
678 4163 863 4232 contenet:
888 4152 992 4228 Folio
1017 4164 1142 4248 autem
1163 4149 1319 4228 secundo
1349 4149 1570 4246 singulorum
1593 4145 1721 4221 ordine

108 4183 291 4332 fibrarum
328 4266 544 4349 argumenta
582 4251 789 4328 summatim
823 4249 995 4346 leguntur
1032 4247 1228 4347 impretia'
1290 4248 1395 4326 Folio
1425 4250 1574 4326 demum
1607 4244 1720 4318 tertio

6 4405 7 4420 r
111 4353 154 4429 P.
181 4348 329 4427 Candidi
350 4352 391 4426 de
412 4349 566 4427 ciuilibus
584 4348 815 4426 Romanorum
838 4343 934 4422 bellis
947 4373 992 4422 ex
1013 4344 1175 4445 Appiam
1185 4343 1440 4422 Alexandrino
1462 4347 1497 4419 in
1518 4341 1626 4416 latinii
1648 4351 1721 4414 tra·

6 4503 8 4548 ,
111 4447 327 4526 dentaliter
351 4451 629 4550 primnor'ncrfpit.
647 4441 717 4544 lege
731 4444 890 4558 feliciter.
939 4443 1113 4521 Exterior
1134 4444 1242 4558 hujus
1265 4443 1464 4520 voluminis
1482 4443 1599 4518 forma
1619 4459 1722 4536 pror·

6 4583 7 4596 Ν
111 4549 173 4627 has
196 4549 327 4628 eadem
346 4547 398 4628 est
423 4571 508 4626 cum
534 4547 723 4626 roiaotine
747 4543 873 4644 priori.
940 4541 1090 4622 Constat
1112 4543 1218 4628 solita
1234 4539 1409 4642 improdis
1434 4565 1515 4621 211.
1564 4535 1628 4614 Aa
1649 4536 1722 4613 cai·

919 4695 928 4703 -
1061 4659 1083 4682 -·
1140 4689 1145 4694 -
1593 4659 1674 4711 cem

6 4631 8 4716 l
