3794 5028
157 197 239 298 tou
332 211 339 218 ·
801 180 1128 306 dh*

131 377 133 382 ’
157 375 369 557 PETfflrS'
388 379 588 473 DRAGH,
618 383 782 488 Spironjis
801 383 1045 489 typographus,
1078 385 1164 466 daos
1183 383 1355 490 soquentes
1378 388 1484 472 libros
1505 387 1691 500 bupreffiffi
1714 395 1769 474 oi·

161 627 279 783 ⁸LIII
325 695 632 786 Bartholomaei
661 698 715 784 de
742 695 808 802 St?
838 697 1113 802 concordio,
1154 700 1293 788 ordin.
1325 697 1545 790 l'raedicat.
1603 704 1769 792 uirus-

170 921 176 926 Ι
301 806 525 898 ol'ilanus
547 815 599 899 ad
635 813 811 917 ellatur,
844 807 1004 900 summa
1020 809 1190 902 casuum
1208 811 1503 924 conscientia,
1532 817 1600 906 dic
1624 819 1770 907 salias

272 835 512 1033 latuelle,
541 925 585 1014 dc
603 839 900 1039 lllagistrucia.
925 925 972 1014 iu
989 921 1030 1018 F
1033 928 1093 1016 ol.
1111 925 1217 1016 min.
1401 943 1404 951 '

263 1167 402 1246 Auster
429 1167 560 1248 sacculo
596 1169 740 1246 decimo
771 1182 902 1268 quarto
937 1170 1074 1248 ilondt.
1122 1171 1286 1250 Praesens
1309 1170 1390 1250 e'us
1413 1195 1507 1271 opus
1531 1173 1582 1248 est
1605 1173 1775 1252 Lexicon

168 1267 381 1344 Canonico·
393 1268 551 1354 morale,
577 1266 707 1343 ordine
722 1267 951 1365 alphabetico
965 1270 1245 1357 concinnatum,
1269 1271 1308 1348 dt
1326 1195 1455 1348 laeculo
1468 1272 1613 1347 decimo
1629 1274 1771 1368 quinto,

166 1367 282 1442 immo
305 1363 424 1440 adhuc
445 1363 590 1442 decimo
613 1363 715 1440 sexto
737 1365 868 1540 saepius
894 1367 994 1463 typis
1016 1365 1200 1442 excusum.
1273 1369 1393 1456 Quam
1423 1367 1668 1466 descripturus
1695 1368 1774 1445 sum

168 1463 388 1546 editionem,
415 1459 656 1556 antiquiffima
676 1460 744 1548 est,
830 1463 927 1540 inter
948 1465 1115 1538 omnium
1141 1465 1279 1562 primas
1303 1463 1384 1561 jure
1404 1465 1538 1539 merito
1562 1465 1776 1554 referenda,

169 1571 213 1634 ut
234 1583 283 1635 ex
305 1557 467 1654 sequenti
490 1558 629 1658 patebit
651 1557 903 1657 descriptione.
953 1559 1064 1657 Operi
1088 1560 1286 1659 praemissus
1311 1560 1361 1636 est
1385 1561 1497 1636 index
1521 1560 1777 1658 alphabeticus

169 1654 781 1830 t⁰sl.ll¹s⁰to.lt²³.lssl
797 1657 1780 1830 “Pszlthtliullss‘qllllsstltl‘tlsh

175 1849 219 1925 ln
242 1848 365 1922 fronte
387 1847 468 1923 folii
489 1847 643 1947 imprelb
655 1774 760 1926 psexti
779 1779 917 1926 Sdreromo
934 1779 1063 1944 finiris
1083 1778 1380 1925 Barrtoto’neiqde
1392 1851 1507 1949 fiendo
1532 1849 1664 1926 ocordro
1685 1813 1781 1928 ordi:

172 1947 226 2020 oss
246 1941 465 2018 Prodicotorri
482 1947 646 2040 fratrom.
726 1945 791 2021 Aa
813 1947 944 2021 laudem
964 1947 1006 2024 ss
1025 1947 1173 2060 gloriam
1190 1946 1258 2024 &a
1272 1946 1340 2024 &a
1374 1947 1467 2024 Ante
1491 1948 1564 2022 loto
1587 1951 1622 2023 in
1640 1947 1782 2045 &sono

175 2042 310 2118 civitae
330 2039 419 2152 edito
444 2039 734 2154 Incipitsoliciter.
781 2045 876 2119 Haec
898 2046 1010 2154 verba
1029 2045 1243 2121 immediate
1263 2046 1403 2143 excipit
1416 2044 1573 2121 austeris
1588 2045 1783 2142 Prologus,
1882 2071 1883 2131 l

175 2141 239 2236 qui
263 2151 482 2212 termmatur
505 2160 544 2223 ιιι
565 2137 689 2216 aversa
710 2140 845 2234 pagina
862 2140 942 2216 solii
958 2142 1125 2237 ejusdem
1148 2141 1245 2218 linea
1268 2165 1323 2237 15.
1372 2141 1476 2218 Folia
1496 2143 1658 2218 indicem
1680 2167 1786 2219 com·

176 2233 370 2333 plettentia
395 2258 469 2308 non
493 2234 574 2310 sunt
594 2251 797 2311 numerata.
849 2233 903 2311 At
919 2258 1008 2312 vero
1022 2235 1112 2314 solia
1127 2237 1242 2333 ipsum
1262 2261 1355 2333 opus
1375 2239 1652 2336 compledentia
1670 2239 1709 2316 in
1729 2239 1788 2316 su·
1882 2267 1883 2316 l

175 2332 312 2430 periori
331 2333 496 2426 margine
518 2333 647 2426 primae
670 2333 815 2428 paginae
836 2355 1008 2427 numeros
1029 2335 1164 2409 habent
1189 2333 1348 2432 adjettos
1370 2335 1438 2412 hac
1462 2337 1624 2411 ratione:
1665 2335 1726 2410 Fo.
1750 2363 1785 2414 2.

169 2429 223 2527 so.
241 2433 274 2505 ό.
290 2429 360 2508 &c
425 2428 579 2506 Litterae
602 2429 794 2517 initiales,'
808 2429 992 2518 custodes,
1018 2432 1057 2511 ur
1077 2429 1270 2527 signaturae
1291 2433 1413 2508 ubivis
1441 2433 1577 2510 desunt„
1627 2433 1788 2512 Litterae

177 2527 258 2602 sunt
280 2525 438 2620 gothicae
451 2524 630 2612 minores,
657 2548 783 2621 eaeque
796 2525 961 2626 sculpta,
985 2540 1028 2608 ut
1047 2529 1203 2604 videtur.
1252 2529 1349 2610 Sunt
1369 2541 1493 2606 autem
1514 2530 1622 2626 plane
1642 2532 1787 2606 eaedem
1882 2531 1883 2616 l

178 2647 263 2697 oum
283 2621 438 2706 litteris,
466 2621 596 2718 qulbus
621 2622 754 2697 Petrus
777 2625 899 2698 Drach
918 2646 1015 2698 anno
1041 2650 1131 2724 1477
1152 2638 1295 2726 partem
1322 2626 1441 2702 lldam
1473 2625 1621 2710 summae
1648 2627 1687 2702 S.
1704 2625 1788 2702 An·
1882 2657 1883 2732 3

179 2719 299 2793 tonini
321 2717 502 2813 impressu.
553 2721 675 2807 Quare
695 2719 780 2794 huic
801 2721 1032 2816 typographo
1053 2721 1234 2818 hocopus
1254 2723 1388 2798 merito
1413 2724 1596 2799 tribuitur.
1643 2723 1789 2800 Praeter
1882 2735 1883 2740 ‘

207 2813 352 2890 unstum
374 2813 516 2892 nullum
538 2814 726 2910 observari
749 2815 889 2912 siguum
910 2817 1158 2894 distinttionis.
1205 2817 1343 2896 Charta
1367 2817 1417 2895 est
1442 2820 1549 2918 plane
1571 2817 1790 2918 praestantis·
1882 2827 1883 2830 ’

177 2837 266 2988 lima
286 2908 436 2986 diversas
459 2911 632 2990 chartarii
653 2910 742 3008 srgni
761 2926 899 2990 notata.
950 2914 1139 3011 Pleraeque
1159 2916 1303 3012 paginae
1326 2915 1481 3011 integrae
1502 2917 1618 2992 lineas
1638 2917 1790 3014 impres·
1882 2953 1883 2974 o

179 3007 236 3084 sas
255 3033 321 3106 42,
349 3007 519 3108 quaedam
541 3022 667 3084 tamen
682 3035 748 3108 41,
771 3013 941 3108 quaedam
954 3021 1099 3086 tanturn
1111 3037 1159 3109 40
1171 3013 1470 3109 complestuntur.
1522 3013 1671 3094 Constat
1694 3039 1791 3114 opus
1882 3025 1883 3034 ’

145 3199 146 3204 .
178 3107 365 3202 integrum
384 3105 483 3180 soliis
505 3107 707 3182 numeratis
731 3125 821 3204 308:
848 3108 979 3205 quibus
993 3109 1174 3184 accedunt
1197 3111 1357 3206 quinque
1376 3109 1466 3184 solia
1487 3137 1562 3188 nou
1582 3124 1788 3198 numerata.

180 3203 447 3378 prdibcemscpm
472 3202 650 3376 lesterppia.
697 3205 747 3281 ln·
761 3205 834 3284 fine
853 3205 954 3284 nulla
967 3205 1113 3305 prorsus
1138 3205 1274 3303 legitur
1292 3207 1444 3296 notitia,
1471 3208 1531 3288 scd
1546 3222 1692 3288 mutum
1707 3209 1790 3289 haec

209 3323 410 3380 erato.
493 3323 542 3377 os.
607 3324 654 3380 oo.

184 3560 595 3812 ulvinipermones
634 3610 680 3700 s,
721 3611 930 3704 uernum
972 3613 1164 3706 Abbaris
1209 3613 1553 3708 clarevauenns.
1599 3615 1644 3705 tn
1684 3567 1792 3714 nor.
1882 3567 1883 3574 .

191 4007 196 4018 .
281 3946 481 4026 Sermones
501 3949 557 4026 isti
576 3952 657 4027 sunt
677 3952 781 4050 typis
801 3951 934 4032 iisdem
955 3950 1128 4054 impressi,
1155 3955 1287 4052 quibus
1311 3979 1404 4055 opus
1425 3957 1640 4034 immediate
1683 3949 1798 4028 raece-

186 4047 291 4125 dena.
341 4044 418 4124 Vix
443 4045 558 4142 igitur
576 4047 723 4137 dubito,
749 4050 837 4146 quin
859 4051 1009 4130 aPetro
1024 4054 1146 4130 Drach
1164 4053 1282 4151 Spirae
1307 4053 1429 4133 excusi
1453 4055 1605 4133 stretint.
1691 4049 1797 4124 iden·

152 4157 250 4222 'tur
274 4142 382 4217 ambo
403 4165 515 4238 opera
536 4157 622 4224 ante
645 4169 782 4224 annum
809 4172 853 4245 14
921 4149 1089 4244 prodiisse
1115 4151 1154 4229 in
1176 4149 1318 4239 lucem,
1357 4151 1396 4229 δι
1418 4154 1515 4230 inter
1539 4151 1659 4248 prima
1685 4157 1798 4242 tYP0·

188 4240 352 4338 graphiae
374 4238 552 4336 Spirensis
573 4255 814 4319 monumenta
835 4267 855 4318 e
882 4269 903 4322 e
925 4247 1128 4324 reserenda.
1179 4245 1378 4324 Sermones
1396 4248 1435 4324 S.
1450 4249 1631 4324 Bernardi
1646 4249 1685 4322 in
1706 4242 1797 4321 dua·

189 4339 258 4422 bus
279 4337 460 4416 columnis
483 4337 637 4434 impresso
657 4339 747 4415 sunt.
806 4340 859 4416 ln
879 4339 1002 4418 fronte
1025 4337 1163 4442 primae.
1178 4343 1360 4422 columnae
1387 4347 1469 4426 haec
1491 4345 1602 4422 verba
1624 4345 1798 4437 leguntur

189 4431 398 4534 majusculis
420 4434 587 4534 impressa
608 4435 761 4530 litteris:
789 4433 962 4534 Sermones
983 4436 1071 4516 beati
1092 4439 1250 4520 beraudi
1272 4437 1411 4545 miuus
1425 4441 1612 4520 cloreoollls
1634 4437 1798 4532 incipiunt

1482 4589 1489 4612 ,
1578 4643 1586 4652 .
1665 4533 1750 4632 seo·
