3790 5030
2 257 215 364 Wao
482 341 490 352 ,
798 199 1265 332 ,ἐξ

160 425 257 506 Laus
268 417 357 500 Deo.
407 417 450 498 In
470 421 643 504 columna
662 425 793 516 quarta
808 413 975 514 ejusdem
989 415 1070 494 folii
1086 417 1222 514 legitur
1252 415 1408 520 Regiflri
1427 421 1566 493 caetori
1588 413 1773 494 meteone

154 503 319 606 'Ac‘cedit
341 521 492 600 demum
516 519 630 596 index
656 514 896 616 quaestionum
918 515 1018 593 foliis
1048 517 1209 616 quinque
1230 516 1472 614 comprehens
1514 575 1522 594 .
1583 574 1593 600 .

155 745 284 853 XVI,
311 737 493 852 AEgydii
517 699 725 828 Romani.
758 733 852 822 ord.
893 731 1078 823 Eremit.
1119 734 1163 829 S.
1204 697 1442 848 Augustini
1461 731 1776 828 commentaria

163 921 173 934 -
274 859 320 948 in
347 854 484 941 libros
507 855 618 939 duos
640 849 904 968 posteriores
943 849 1212 941 Aristotelis,
1274 848 1447 940 Patavii
1476 875 1556 967 pet
1599 847 1776 940 Petrum

269 965 450 1066 Maufec
470 993 566 1056 ann.
594 983 720 1094 1478.
743 963 790 1052 in
812 958 852 1052 F
856 963 916 1064 ol.
1608 969 1612 977 '

288 1187 415 1300 upu's
441 1198 481 1274 in
505 1193 646 1272 duabus
668 1191 850 1270 columnis
899 1191 1254 1292 othico'charaitere
1276 1198 1421 1275 minuto
1444 1194 1653 1294 impressum
1677 1192 1773 1268 inci·

153 1309 210 1411 pit
232 1305 303 1382 fine
326 1299 403 1378 ullo
426 1295 536 1373 titulo
564 1293 609 1395 ab
637 1290 799 1388 Epistola
824 1217 999 1370 auioris‘
1018 1291 1201 1370 venerabili
1229 1298 1304 1371 uiro
1334 1321 1380 1371 ex
1408 1296 1587 1396 anglorum
1606 1287 1774 1404 speHnbi·

153 1411 183 1486 ιι·
211 1403 343 1504 ιρῙαρὶα
365 1390 615 1474 ονίᾶιίσᾶωηὶο
639 1387 808 1487 Stephano
835 1388 877 1466 de
902 1391 1039 1492 maulay
1058 1393 1241 1492 inscripta.
1300 1395 1446 1472 Desunt·
1457 1393 1644 1478 custodes,
1667 1411 1775 1486 pagr-

155 1527 286 1608 parum
306 1493 451 1576 numeri
474 1491 514 1568 &
534 1488 800 1586 inscriptiones.
879 1491 1185 1589 interpunltionis
1213 1491 1362 1590 lignum-
1387 1493 1528 1570 nullum
1561 1489 1773 1572 observavi.

152 1602 218 1682 nisi
244 1597 446 1698 punitum·
470 1589 708 1686 Signatum,
745 1587 946 1666 &litteras
972 1588 1134 1665 initiales
1153 1579 1294 1688 parvas
1318 1591 1377 1668 sed
1400 1593 1467 1667 has
1491 1603 1638 1666 tantum
1661 1587 1774 1662 initio

153 1696 356 1780 voluminis
366 1690 493 1768 tertiae
513 1688 660 1763 circiter
681 1683 848 1784 eiusdem
868 1689 965 1784 parti
987 1687 1060 1785 iple
1079 1691 1334 1788 typographus
1350 1690 1484 1787 ubique
1505 1686 1653 1786 adjecit.
1706 1681 1774 1761 Aa

153 1799 293 1878 calcem
319 1786 575 1868 commentarii
596 1786 636 1861 in
659 1788 818 1882 primum
839 1784 974 1863 librum
998 1787 1080 1862 haec
1103 1800 1250 1864 tantum
1275 1788 1468 1887 leguntur:
1509 1785 1669 1882 Explicit
1690 1785 1771 1884 pei·

151 1894 233 1994 mus
247 1890 331 1969 liber
355 1888 528 2004 posterio4.
588 1883 664 1959 Inci
692 1885 713 1957 ‘t
723 1880 901 1981 secandus.
964 1881 1027 1962 Aa
1050 1884 1160 1986 hujus
1182 1886 1321 1964 calcem
1343 1889 1489 1964 uberior
1512 1885 1561 1960 le'
1576 1885 1651 1960 'tur
1667 1883 1770 1958 noti·

151 1999 222 2074 tia:
247 1986 482 2160 Precianffmi
497 1981 560 2096 pii
578 2005 620 2070 cc
633 1907 835 2083 liiatiffimi
856 1982 958 2082 logici
970 1980 1096 2082 Egidii
1117 1983 1265 2060 Romani
1283 1996 1428 2061 cimento
1451 1987 1486 2060 ie
1511 1983 1539 2058 li
1559 2009 1583 2083 4
1602 1983 1770 2084 posteriorc

152 2089 355 2186 analeiiico4
419 2082 569 2184 risloteies
592 2079 652 2153 deo
670 2080 810 2174 fieuente
835 2085 984 2159 maximo
1010 2082 1094 2184 pinis
1122 2085 1289 2184 impostam
1311 2089 1362 2185 est.
1392 2109 1456 2182 per
1515 2107 1653 2158 oannem
1674 2082 1768 2154 iaco-

150 2189 227 2268 bum
252 2187 292 2280 de
317 2195 417 2286 pateo
438 2177 630 2277 feltrensem
656 2175 964 2258 extraordinarium
982 2179 1062 2278 pile
1085 2183 1121 2256 in
1134 2183 1361 2356 flm'liyfim
1379 2173 1461 2282 gina
1475 2208 1507 2258 eo
1531 2181 1693 2280 potuuino
1714 2177 1767 2252 le·

175 2301 288 2366 entem.
323 2281 497 2364 tPetrum
535 2279 576 2350 cle
608 2275 727 2352 cerdis
758 2274 800 2350 de
822 2275 917 2376 ffiti'o
950 2280 1072 2378 angelo
1095 2281 1223 2379 ingenti
1275 2282 1404 2382 iiigitin
1432 2279 1587 2356 miliaco.
1622 2276 1767 2377 impresa

148 2317 249 2568 gire)
279 2384 322 2460 rio
345 2403 359 2460 t
381 2379 512 2478 ingeiio
534 2374 629 2451 Petri
650 2376 781 2470 maufer
801 2379 957 2452 normani
976 2375 1210 2481 rothomaglsts
1224 2382 1308 2456 ciuis
1328 2380 1454 2457 Pacuui
1471 2377 1630 2479 inspeeffo.
1656 2374 1767 2450 Aeno

84 2548 86 2556 s
174 2483 342 2584 &optimi
359 2479 426 2557 Mt
456 2480 546 2549 cccci
576 2471 739 2571 Lxxviii.
762 2472 818 2548 die
837 2477 947 2551 xxui'.
969 2473 1148 2572 ftiruaeii.
1202 2479 1372 2580 SubJette
1390 2479 1472 2558 suut
1499 2479 1573 2555 duo
1599 2475 1761 2575 dystica:

359 2619 363 2626 ·
403 2572 446 2652 Si
471 2573 545 2672 quis
570 2567 613 2646 ab
636 2573 770 2672 instanti
791 2574 880 2648 circo
906 2571 1080 2668 defendere
1098 2574 1169 2692 fise

501 2667 634 2768 AEgieia
657 2669 710 2744 vel
733 2672 846 2769 cupiat
865 2671 1022 2770 pallatini
1047 2695 1254 2772 armigeroec‘

406 2765 555 2869 Hirsuta
579 2770 636 2864 qui
652 2767 735 2865 pelle
758 2782 853 2868 tegor
880 2796 930 2845 me
953 2769 1110 2846 uendicel.
1136 2773 1177 2849 ii
1187 2775 1240 2874 stc

498 2865 687 2942 Romanum
706 2867 844 2968 AE'gidii
867 2872 997 2946 nocuit
1015 2873 1186 2970 ingeniu3.
1264 2955 1279 2974 ‚

940 2965 1119 3068 Rameſses
1137 2967 1277 3068 Armini
1302 2965 1403 3045 Calai
1425 2964 1464 3047 S.

145 3071 280 3150 Petrus
303 3062 460 3144 Mauffer
480 3062 626 3140 Patavii
650 3064 810 3159 primum
832 3065 878 3140 ab
905 3088 1003 3142 anno
1028 3093 1122 3166 144
1151 3109 1191 3128 -
1214 3091 1327 3168 1479,
1355 3081 1444 3144 tunc
1478 3064 1658 3152 Veronae,
1694 3065 1762 3142 ubi

146 3161 244 3247 anno
270 3181 363 3264 1480
387 3161 529 3274 Jolephi
550 3161 669 3261 Judaei
689 3163 822 3239 Libros
847 3161 926 3240 Vll.
944 3166 1003 3240 ·de
1028 3091 1135 3242 Beiio
1158 3163 1322 3252 'udaico,
1337 3166 1377 3244 δι
1398 3166 1512 3242 libros
1529 3165 1640 3241 line
1660 3165 1762 3240 anti·

144 3268 287 3365 quitata
312 3263 434 3358 gentis
455 3260 613 3358 Judaicae
636 3257 896 3374 impressiout
920 3260 1063 3340 dicetur
1087 3191 1428 3354 odilmannum,
1453 3263 1611 3361 denique
1629 3261 1762 3339 Vene-
1850 3283 1855 3290 ·

141 3366 207 3443 tiis
231 3359 536 3458 typographicam
560 3368 679 3434 artem
702 3371 887 3446 exercurt,
930 3360 969 3438 δι
992 3361 1053 3436 hic
1074 3364 1224 3460 quidem
1251 3361 1387 3448 socium
1415 3363 1544 3439 habuit
1560 3361 1759 3440 Nicolaum

142 3463 190 3540 de
204 3459 416 3556 Centengo,
450 3476 610 3555 quocum
634 3477 731 3558 anno¹
762 3472 855 3556 1483
877 3454 1083 3538 Avicennae
1104 3485 1198 3562 opus
1224 3461 1409 3540 medicum
1432 3461 1562 3542 edidit.

138 3681 291 3780 XVll.
319 3675 518 3768 Bartholi
557 3675 722 3768 leiiura
760 3676 807 3766 in
847 3677 1029 3792 primam
1067 3699 1235 3792 partem
1277 3679 1425 3793 digesti
1453 3617 1652 3788 *veterim
1676 3673 1755 3768 seu

115 3859 118 3868 .
252 3791 622 4024 llipnrlgpipljeffgim
665 3791 744 3892 XI.
780 3794 968 3910 priores.
1033 3791 1117 3883 Per
1158 3791 1306 3887 Nicol.
1342 3791 1503 3912 Jeulon
1546 3793 1752 3890 Venetiis

293 4131 397 4231 Opus
421 4128 552 4226 incipit
573 4124 648 4204 line
665 4126 742 4206 ullo
767 4126 899 4218 titulo,
929 4127 1052 4233 estque
1075 4129 1115 4208 in
1136 4129 1279 4208 duabus
1298 4130 1481 4210 columnis
1498 4127 1649 4229 gothico
1662 4131 1756 4211 cha·

129 4233 271 4315 faetere
292 4232 432 4309 chartae
457 4247 603 4324 magnae
625 4226 663 4306 δι
687 4226 909 4326 amplilirmis
930 4229 1157 4328 marginibus
1187 4229 1367 4308 instruitae
1388 4230 1608 4330 improlium.
1673 4233 1752 4309 De·

41 4395 44 4402 ,
128 4333 213 4412 lunt
234 4329 401 4410 custodes
420 4327 702 4424 &paginarum
725 4327 883 4404 numeri.
952 4327 1190 4426 insuperiori
1219 4331 1386 4425 margine
1411 4329 1606 4406 titulorum
1626 4329 1749 4409 rubri·

128 4453 215 4518 nae,
241 4453 274 4506 e.
298 4453 334 4527 g.
371 4426 428 4504 De
445 4421 738 4541 procuratorium,
772 4421 829 4500 De
850 4448 944 4523 aega
962 4451 1023 4608 ἓ.
1099 4423 1368 4525 Typographus
1389 4427 1555 4514 notavit,
1584 4430 1649 4528 qui
1666 4428 1748 4526 ple·

125 4545 284 4628 rumque
302 4527 416 4614 etiam
436 4527 581 4610 litteras
601 4523 764 4610 moues
782 4545 939 4628 parvas,
1046 4537 1224 4628 emtores
1241 4524 1389 4629 adjecit.
1437 4523 1502 4610 Aa
1523 4527 1748 4704 culpemin-
