3790 5030
122 274 211 408 „⁵⁰
651 312 652 320 ψ
803 237 1125 365 ss

153 445 323 524 staretur.
373 445 558 525 Videntur
586 449 808 546 typographi
830 474 916 526 eum
942 451 982 526 in
1005 447 1249 527 finemuniro
1277 433 1373 527 libro
1404 462 1536 550 quarto
1558 451 1692 530 solium
1718 478 1775 531 re·

156 545 297 646 liquisse
315 569 492 633 vacuum,
517 547 556 625 dc
571 551 730 643 primurn
749 549 832 624 libri
854 550 974 645 quinti
991 548 1123 625 solium
1146 549 1282 626 litteris
1305 574 1351 624 aa
1372 548 1529 646 signasse.
1581 549 1642 628 Ad
1667 553 1778 628 finem

158 646 244 724 libri
268 643 386 720 ottaui
411 643 471 720 seu
490 646 615 744 potius
640 647 740 722 tituli
765 645 1031 744 quadragesimi
1057 645 1167 744 hujus
1191 647 1275 723 libri
1307 648 1390 724 haec
1417 663 1563 728 tantum
1589 652 1702 736 verba
1728 652 1779 728 le·

145 757 317 842 guntur:
344 741 440 819 Finis
463 742 510 818 ad
530 741 584 818 dei
604 742 736 819 laudem
756 743 796 822 si
824 747 968 846 virginis
988 743 1115 821 Marie.
1168 745 1276 836 Quod
1292 745 1448 842 superest
1463 747 1619 845 spatium
1635 749 1779 825 colurn-

117 860 120 869 ’
161 863 240 928 aaa,
269 843 308 918 in
343 865 415 939 qua
448 841 528 940 haec
558 844 670 920 verba
704 845 894 939 leguntur,
924 843 975 920 est
1001 867 1170 921 vacuum.
1214 879 1217 886 ¹
1242 843 1347 919 Folio
1368 843 1531 941 sequenti
1561 848 1693 944 incipit
1725 847 1782 920 De

154 937 861 1137 irritaturustuisne
886 943 957 1116 *a
970 945 1119 1116 ‘len
1147 939 1495 1116 {lusurus
1509 943 1694 1116 epo

854 1096 863 1115 .
959 1066 983 1115 n
1084 1065 1129 1116 oc
1167 1064 1380 1116 ruoeur
1424 1065 1451 1122 r¹
1497 1065 1688 1127 aua‚rn
1737 1065 1785 1117 ua

5 1199 26 1246 p,
133 1135 306 1226 *breuiter
328 1137 483 1238 osiiditur
504 1135 546 1211 de
569 1063 686 1236 {uibus
708 1135 817 1213 titulis
844 1135 1058 1213 decretalium
1081 1136 1122 1216 fs
1147 1135 1204 1214 ubi
1230 1140 1266 1212 ia
1317 1062 1481 1213 qecederrti'
1496 1138 1629 1238 summa
1658 1065 1785 1214 truilo-

5 1255 6 1270 ’
163 1248 238 1312 tar:
263 1233 304 1314 δ’
319 1237 432 1335 primo
452 1236 555 1334 primi
576 1232 667 1314 libri.
728 1235 837 1312 Hanc
860 1237 1001 1333 excipit
1023 1233 1193 1312 ordinatio
1214 1163 1358 1312 tibrsiiri
1382 1236 1595 1314 decretalium
1617 1236 1658 1314 El
1677 1235 1786 1314 libro·

163 1359 237 1448 ram
258 1332 385 1433 legaliri
394 1333 464 1449 Jlm
489 1331 637 1410 ordinem
662 1331 842 1431 alphabeti.
890 1335 1059 1433 Denique
1081 1334 1243 1432 sequitur
1260 1335 1374 1410 index
1395 1335 1647 1433 alphabeticus
1674 1361 1787 1432 gene·

163 1434 265 1512 ralis·
282 1445 539 1520 materiarum,
569 1435 629 1510 cui
655 1432 794 1529 adjeita
817 1431 867 1508 est
887 1434 1034 1512 uberior
1063 1425 1109 1508 de
1135 1435 1204 1510 hac
1233 1432 1397 1510 editione
1422 1433 1567 1508 notitia.
1619 1435 1678 1510 En
1691 1436 1788 1510 inte·

166 1555 291 1628 gram:
317 1529 419 1608 Srime
437 1530 596 1633 tfifflaais
618 1534 711 1630 operi
739 1527 845 1606 nobili
867 1555 931 1604 rma
954 1530 995 1608 tl
1022 1528 1098 1604 leuic
1118 1531 1286 1626 facultati
1306 1555 1439 1628 operam
1460 1527 1597 1607 datibus
1618 1530 1789 1629 pernecess

4 1639 5 1652 ¹
55 1753 58 1762 ,
146 1629 505 1804 'furioseqqmpslrappr
531 1629 571 1704 A
596 1629 711 1729 esctnur
731 1629 771 1744 de
789 1626 829 1704 A
874 1621 1007 1801 prilinir
1025 1631 1158 1746 minares
1177 1627 1293 1747 doffar
1335 1630 1438 1704 alinir
1470 1627 1594 1744 edidit:
1635 1633 1790 1704 maxima

20 1931 22 1936 Ι
166 1725 532 1941 iliasai‘iiiiii
556 1727 846 1922 lllll'lsltl
859 1727 1290 1926 ltltllltllllll
1300 1725 1789 1927 plt'llllltlfftlti
1891 1877 1892 1884 a

169 1935 215 1998 tre
238 1925 429 2024 portrrgalre
443 1925 542 2023 sacre
563 1923 723 2064 tlrcolopic
745 1922 954 2023 bacclrnlarij
976 1924 1145 2046 clarffmi
1168 1928 1203 2001 in
1227 1939 1345 2002 meatu
1372 1927 1575 2002 omeliarum
1598 1925 1690 1998 circa
1712 1926 1791 2026 refi-

169 2019 272 2096 duam
295 2023 395 2098 ratim
417 2024 595 2098 uoluminis
617 2049 713 2097 amno
737 2023 879 2120 eiusdem
908 2025 1082 2124 religionis
1106 2027 1270 2100 minorum
1295 2023 1471 2100 mmdare.
1525 2021 1702 2120 Rursusq3
1725 2049 1791 2121 per

171 2122 263 2196 uiros
287 2119 372 2194 alios
388 2120 641 2224 solennifflmos:
670 2145 710 2195 ac
729 2123 764 2196 in
780 2121 949 2216 facultate
972 2125 1031 2223 ista
1060 2121 1343 2223 approbationes
1371 2120 1421 2220 ᾗ
1446 2120 1687 2222 diligentiffime
1705 2145 1790 2196 exa·
1892 2189 1893 2202 ,

171 2221 312 2296 minate:
333 2217 521 2318 snmptibus
541 2219 582 2297 dl
601 2222 637 2296 iu
666 2219 853 2295 ulilicalai
874 2219 915 2292 dc
930 2220 1152 2318 francfordia
1174 2221 1321 2320 [leuctris
1335 2220 1424 2320 finis
1445 2217 1662 2319 imprimenda
1684 2221 1792 2317 impo-

161 2319 251 2422 situs
271 2321 312 2418 est
329 2341 392 2416 par
412 2315 595 2393 Leonardri
673 2315 725 2392 ild
746 2316 788 2392 de
806 2315 918 2417 Ratis
916 2316 1013 2397 bana.
1038 2335 1143 2422 1480.
1168 2318 1223 2395 die
1247 2335 1292 2408 28
1315 2317 1467 2419 Aprum
1514 2317 1693 2396 Postremi
1710 2317 1792 2396 solii

170 2418 292 2518 prima
310 2415 446 2515 pagina
462 2415 650 2520 Regijtram
672 2428 844 2532 cartarum
868 2418 931 2493 tati
936 2425 952 2467 ⁹
965 2417 1064 2518 sime
1082 2417 1260 2496 continet.

172 2637 286 2738 Vll.
324 2638 532 2756 Dionysri
565 2629 949 2732 Halicarnassensrs
979 2575 1271 2726 Romanarum
1303 2633 1633 2751 Antiquitatum
1665 2629 1794 2722 Libri
1891 2637 1892 2688 l

291 2753 370 2846 lll.
394 2749 633 2846 secundum
657 2755 837 2842 latinam
860 2751 1006 2866 Lappi
1031 2753 1175 2866 Biragi
1198 2749 1454 2839 Florentini
1470 2747 1795 2863 interpretatio·

171 2889 175 2906 ’
291 2896 408 2960 nem.
458 2871 646 2962 Tarvilii
674 2893 753 2987 per
773 2863 1116 2958 Bernhardinum
1142 2866 1366 2958 Celerium
1389 2863 1601 2955 Deliere.
1651 2866 1792 2951 Auno

7 3095 12 3110 ⁸
145 3053 150 3066 .
295 3011 422 3101 1480.
452 2989 498 3077 in
525 2984 567 3078 F
569 2988 630 3077 ol.

337 3209 524 3291 Praemisso
560 3209 611 3291 est
644 3209 858 3308 interpretis
891 3208 1052 3308 Epistola
1075 3207 1303 3286 dedicatoria
1334 3202 1603 3306 Clementiffimar
1625 3197 1682 3276 Ac
1703 3196 1800 3276 San·

177 3297 306 3426 slifflma
330 3310 440 3388 Paula
465 3307 617 3389 Secundo
641 3308 692 3385 D.
712 3306 860 3414 Domina
882 3308 1005 3411 Nostro
1030 3306 1144 3407 Papae
1182 3309 1372 3402 inscripta,
1398 3324 1482 3403 quae
1511 3301 1739 3378 terminatur-
1757 3301 1798 3373 in
1889 3375 1890 3392 ἶ

133 3502 134 3510 Ν
177 3433 297 3508 prima
323 3407 468 3485 secundi
488 3407 570 3485 solii
592 3408 744 3506 pagina,
768 3409 865 3486 linea
885 3433 941 3485 21.
992 3405 1097 3482 Folio
1124 3409 1235 3482 tertio
1252 3402 1407 3518 Dioapfii
1431 3395 1670 3496 Halicarnasei
1693 3393 1799 3490 (lic)
1889 3429 1890 3464 r

183 3505 362 3606 Originum
384 3506 464 3585 Siue
488 3506 742 3605 Antiquitatum
765 3506 1006 3584 Romanarum.
1055 3503 1161 3580 Liber
1186 3505 1319 3603 primus
1347 3501 1421 3579 luci
1447 3501 1490 3574 it.
1557 3491 1800 3574 Clraraiieres

183 3605 333 3686 rotundi
355 3603 453 3694 sunt,
481 3606 519 3683 δι
543 3606 820 3704 perelegantes,
849 3605 978 3680 charta
1002 3600 1170 3684 firme&
1197 3602 1327 3678 nitida.
1441 3597 1544 3674 esunt
1580 3591 1800 3692 srgnaturae‚

182 3705 401 3804 paginarum
426 3703 631 3782 numeri&
654 3703 923 3803 Inscriptiones.
970 3703 1133 3778 Litteras
1157 3700 1320 3776 initiales
1346 3698 1524 3773 librorum
1541 3689 1801 3790 typographus
1888 3739 1889 3800 p

182 3804 398 3902 plerumque
422 3800 615 3900 adjecit&
638 3801 731 3900 saepe
756 3803 869 3879 etiam
890 3799 1068 3878 custodes.
1119 3799 1262 3878 Praeter
1280 3795 1455 3896 punitum
1477 3793 1516 3870 dt
1537 3787 1803 3884 interrogatio·
1888 3805 1889 3891 l

184 3903 243 3979 nis
266 3900 406 3996 srgnurn
429 3913 626 3976 occurrunt
644 3902 757 3976 etiam
777 3904 852 3978 duo
873 3897 1014 3998 panea.
1065 3897 1187 3974 Libris
1210 3895 1387 3982 secundo,
1414 3902 1573 3991 quarto,¹
1589 3887 1630 3966 dc
1652 3885 1801 3961 decimo
1887 3954 1888 3990 ᾗ

187 3997 343 4100 praelixa
367 3995 448 4074 lunt
468 4021 596 4074 eorum
617 4007 850 4094 argumenta:
882 3997 1011 4074 desunt
1034 4018 1122 4073 vero
1149 3996 1279 4072 eadem
1308 3987 1417 4070 initio
1440 3983 1665 4085 residuorum
1687 3983 1804 4062 libro·
1887 4023 1888 4050 r

183 4122 279 4179 rum.
330 4097 373 4174 ln
394 4095 466 4173 flue
488 4096 687 4173 voluminis
713 4095 931 4195 capitalibus
954 4094 1090 4172 litteris
1110 4091 1279 4193 impressa
1301 4091 1476 4188 leguntur
1495 4084 1701 4184 sequentia:

188 4378 342 4458 Diluere.
382 4375 487 4454 Arrio
519 4373 599 4453 ctr.
636 4374 735 4452 Nati.
768 4375 823 4452 M.
941 4373 979 4451 C.
995 4371 1160 4450 LXXX.
1190 4369 1346 4470 Biffexta
1379 4367 1439 4450 Kl.
1470 4367 1625 4444 Martias
1655 4355 1805 4466 oJoanne

189 4479 368 4576 Moamiga
394 4477 593 4552 Venetorum
620 4473 717 4550 Duce
745 4474 807 4550 Ine
821 4487 887 4575 pto.
907 4505 915 4514 ·
935 4474 1064 4550 Scatet
1090 4471 1172 4548 haec
1197 4459 1314 4547 editio
1339 4466 1485 4546 mendis
1510 4459 1805 4571 typograplricis

188 4575 312 4666 Auide
339 4593 482 4662 tannen,
510 4573 661 4654 testibus
685 4573 740 4652 Cl.
765 4575 811 4652 de
837 4573 999 4654 Bure&
1021 4571 1234 4658 Harwood,
1269 4568 1348 4669 ejus
1368 4563 1595 4663 exemplaria
1609 4579 1809 4730 reqmmrr'un-
1885 4603 1886 4610 κ

347 4275 489 4377 Lappus
515 4275 669 4376 Biragar
706 4275 800 4353 Flac.
834 4276 947 4453 {siff
974 4302 1029 4350 am
1071 4271 1217 4378 Taraifii
1247 4271 1317 4348 Per
1352 4265 1602 4350 Bernardinum
1635 4257 1806 4340 Celmium
1886 4262 1887 4278 ¹

808 4475 822 4550 l
