3790 5030
9 2231 11 2312 ζ
165 2236 278 2312 acutia
292 2225 456 2318 obtinebit.
498 2223 629 2301 Tertius
646 2227 756 2330 legisc

8 2383 11 2426 p
168 2333 344 2436 lereuifflme
361 2322 565 2424 explanabit.
606 2325 729 2425 Quitus
744 2324 879 2402 dicendi
889 2326 1087 2426 elegantiam
1101 2326 1166 2403 lsau
1206 2328 1339 2429 deffice'le
1357 2330 1495 2408 docebit.
1538 2325 1779 2426 Sextussyllo·

8 2443 10 2516 ἶ
167 2432 286 2509 barum
302 2427 484 2526 quantitati
496 2424 656 2498 metietur.
699 2420 864 2522 Septimus
871 2424 994 2524 syllam
1007 2438 1177 2502 accentus:
1193 2454 1250 2504 uec
1261 2455 1326 2504 non
1336 2423 1564 2532 &partiendi
1577 2424 1708 2499 modum
1718 2445 1781 2498 esr-

520 439 606 546 Qua
658 439 837 540 eruiuauela
853 444 941 517 natis
959 441 1069 539 suerit
1092 440 1154 519 tibi
1177 439 1319 616 {inm
1337 439 1457 545 stmple
1482 438 1563 540 (fic)

620 465 745 642 §caue
754 541 810 640 stt.
838 538 951 616 exilis.
976 539 1117 640 claustrae
1143 537 1185 616 sla
1214 566 1253 616 us
1274 543 1351 616 eric.

522 635 697 741 Postmodo
715 641 773 737 qui
791 638 903 735 suerit
928 649 1030 735 grato
1042 640 1079 812 st
1098 636 1254 714 ctmodas
1274 638 1345 737 usu.
1387 695 1393 706 .

616 735 696 810 Has
722 761 845 812 memor
867 733 1004 837 affiduis
1015 763 1043 835 p
1056 734 1187 837 aufibus
1208 736 1265 812 ede
1281 761 1415 834 precere

521 829 667 933 Artifici
681 831 811 933 semper
829 833 976 930 faueant
994 836 1056 932 pia
1077 833 1346 1007 numiua4sautlo

477 941 484 953 ’
626 930 732 1007 Vtilis
755 933 886 1032 effluxit
912 933 1006 1006 cuius
1025 929 1069 1008 ab
1092 957 1172 1009 arre
1195 929 1283 1034 (tc)
1309 929 1411 1008 liber.

165 1025 249 1105 Post
272 1025 354 1105 haec
377 1027 527 1107 demum
552 1025 713 1142 sequitur
736 1032 908 1133 registrum
930 1027 1182 1131 (chartarum)
1207 1029 1305 1107 buius
1328 1025 1420 1108 libri.
1439 1131 1441 1140 .

163 1236 292 1334 XVI.
322 1233 364 1327 F
364 1229 544 1340 rancilci
560 1230 682 1342 Nigri
694 1201 988 1322 Grammatica
1013 1231 1163 1330 latina.
1224 1231 1432 1329 Veneriis
1457 1255 1536 1348 per
1556 1229 1782 1326 Lucilium

280 1353 511 1458 Santrrter,
541 1347 587 1437 bt
613 1345 901 1437 Theodorum
925 1345 1308 1466 Herbipoleulem.
1344 1359 1470 1461 1480.
1500 1349 1546 1438 in
1573 1369 1665 1460 4to.

142 1528 187 1540 „.
202 1515 250 1542 s
270 1507 316 1566 ..N
331 1545 375 1624 ln
394 1545 518 1622 fronte
542 1543 665 1640 operis
690 1541 732 1619 P.
751 1539 949 1642 Fraucsstus
969 1541 1094 1646 anger.
1119 1543 1169 1624 A.
1201 1545 1356 1624 Venetus.
1381 1539 1555 1621 Sacerdos.
1575 1541 1780 1640 Arriamque

166 1645 294 1730 Doto
312 1640 492 1724 Leauardo
511 1641 635 1717 Botta.
675 1639 846 1745 Equestris
871 1640 1013 1718 Ordinis
1043 1643 1129 1720 Vtro
1158 1643 1228 1720 Pro
1254 1642 1498 1744 Mediolaueufi
1530 1641 1635 1724 Dure.
1673 1639 1783 1738 Aac

99 1815 105 1826 ,
172 1749 333 1829 Venetam
350 1741 521 1858 ‘Senatum
554 1738 696 1854 Oratari
722 1737 963 1855 Facundifflmo
996 1739 1307 1916 Sapimtiqsmoque·
1320 1739 1557 1856 Facls'eitatem.
1619 1739 1782 1854 Epistola

165 1848 248 1926 haec
278 1842 504 1920 deducatorm
528 1848 748 1916 terminatur
767 1861 806 1913 m
828 1861 947 1936 prrma
966 1861 1099 1936 pegma
1113 1840 1150 1915 fo
1166 1865 1193 1916 n
1207 1855 1329 1929 terrn,
1359 1843 1457 1916 linea
1471 1846 1505 1918 b.
1555 1837 1651 1914 Tum
1666 1835 1782 1951 rpsurn

165 1942 381 2022 immediate
405 1936 536 2032 incipit
562 1958 655 2031 opus
681 1938 965 2032 grammaticum
988 1938 1028 2012 in
1056 1939 1185 2014 decern
1207 1940 1321 2016 libros
1352 1935 1509 2016 divisum
1530 1957 1687 2034 quorum
1700 1933 1784 2010 Per·
1886 2015 1887 2020 p

9 2139 10 2148 .
166 2065 239 2160 mus
262 2035 370 2152 (sunt
394 2033 508 2146 verba
529 2032 827 2202 ipfiusffiiris
857 2059 907 2148 err
937 2034 1086 2131 epistola
1122 2037 1348 2113 dedicatoria
1369 2032 1614 2157 deprompta)
1642 2032 1685 2107 de
1705 2057 1784 2148 uoce

9 2191 10 2202 ψ
698 2154 715 2203 .
757 2129 1537 2404 creemurprocorum.
1550 2130 1782 2330 eane

8 2559 9 2598 t
160 2525 315 2632 plicabit.
367 2521 511 2600 Ollauus
525 2515 709 2596 carminum
744 2521 899 2598 ualitates
917 2521 1111 2694 ‹lesguabct
1155 2525 1279 2602 Nonus
1295 2524 1397 2625 ipson
1415 2529 1575 2603 uarietati
1590 2523 1777 2625 distinguet.

164 2627 348 2729 Postremus
355 2632 527 2720 portarum
542 2547 917 2790 officiumrstrileudiffl
954 2623 1117 2721 iuecsttati
1129 2623 1362 2720 complebatur.
1384 2628 1539 2704 Litterae
1554 2621 1635 2714 lunt
1649 2635 1779 2698 rotun·

165 2727 225 2803 dae
240 2722 515 2820 perelegantes,
534 2718 693 2792 chartea
711 2719 775 2804 ba,
790 2721 928 2795 munda
942 2718 981 2797 ὄι
992 2718 1108 2796 firma.
1126 2723 1259 2798 Desunt
1274 2723 1459 2815 custodes,
1476 2720 1693 2822 paginarum
1708 2742 1779 2793 nu·

164 2822 277 2907 meri,
316 2818 357 2894 dt
383 2815 582 2892 earundem
603 2814 878 2912 incriptione,
917 2841 986 2892 nec
1010 2841 1085 2892 non
1108 2820 1244 2895 litterae
1270 2821 1447 2898 librorum
1472 2818 1646 2897 initiales.
1698 2812 1781 2891 Aa·

164 2920 245 2997 sunt
270 2937 358 2992 vero
380 2911 585 3008 agnaturae.
636 2908 698 2986 Ad
720 2913 858 2991 calcem
881 2913 1015 2990 decimi
1038 2915 1120 2990 libri
1146 2917 1189 2991 ca
1216 2919 1365 2994 italibus
1381 2921 1516 2996 litteris
1538 2911 1702 3012 imprella
1726 2913 1781 2988 le·
1885 2947 1886 3016 3

165 3029 302 3117 guntur
333 3011 539 3107 sequentia:
578 3005 738 3107 Explicit
767 3009 873 3088 Liber
902 3011 1061 3088 Decimus
1095 3011 1147 3089 Et
1211 3017 1326 3091 ltimus
1352 3016 1409 3093 De
1429 3017 1585 3092 Poeruate
1606 3011 1658 3087 Et
1685 3009 1781 3112 Paest

163 3113 221 3194 Ac
245 3111 422 3190 Poetarum
456 3097 584 3205 Officio.
666 3107 749 3184 Post
781 3110 861 3186 haec
898 3109 1055 3186 artioris
1078 3110 1238 3210 sequitur
1256 3112 1432 3192 Peroratio
1449 3117 1495 3190 ad
1518 3108 1781 3188 Leonhardum
1885 3135 1886 3142 ¹

162 3213 347 3295 Bottam,
386 3207 425 3283 in
454 3227 524 3299 qua
545 3203 716 3292 testatur,
745 3231 811 3280 uam
825 3208 898 3307 stne
919 3208 1034 3304 aliqua
1051 3212 1243 3286 'animorum
1270 3215 1473 3290 cautentioue
1499 3207 1684 3310 absalutum
1706 3205 1780 3283 elle

161 3312 234 3386 hoc
251 3327 369 3404 opus,
399 3302 621 3401 quibusdam
647 3301 782 3379 scilicet
805 3305 845 3379 id
872 3306 1174 3403 improbantibus.
1224 3309 1332 3388 Hanc
1351 3305 1491 3410 excipit
1511 3331 1679 3392 carmen,
1704 3325 1781 3402 quo

167 3403 206 3483 C.
230 3401 390 3510 Joaunm
415 3398 570 3477 Lucilius
584 3397 772 3476 Sautreiter
786 3401 827 3476 ale
838 3399 951 3488 Fonte,
959 3400 1091 3480 Salutis
1098 3431 1111 3486 t
1126 3404 1356 3509 (beplbrann)
1381 3406 1500 3485 omnib.
1515 3397 1671 3508 studiosts
1691 3401 1781 3476 ado·

164 3499 326 3604 lesceutil.
345 3499 530 3596 foelicitatt
551 3495 643 3573 dicit.
717 3499 884 3597 Exponit
905 3513 1031 3578 autem
1052 3503 1122 3579 hoc
1146 3505 1308 3580 carmine
1331 3529 1403 3604 qua
1425 3508 1569 3584 ratione
1590 3526 1638 3579 ex
1657 3501 1781 3599 patria

161 3601 224 3679 sua
248 3597 424 3676 Venetias
445 3597 607 3684 venerit,
640 3595 679 3674 &
701 3618 724 3672 a
747 3597 938 3674 Francisco
967 3600 1089 3697 operis
1114 3599 1243 3697 hujus,
1279 3616 1321 3678 ut
1347 3607 1514 3691 videtur,
1541 3599 1688 3678 audente
1708 3599 1781 3674 ho·

160 3697 268 3797 spitio
292 3695 515 3794 perhumane
549 3708 727 3864 exceptus
760 3695 1015 3792 imprimendis
1048 3697 1153 3773 libris
1188 3720 1337 3795 operam
1364 3727 1501 3780 navare
1528 3697 1691 3796 ceperit,
1714 3695 1778 3783 de,

30 3811 33 3818 ’
160 3793 472 3895 quemadmodum
491 3814 565 3866 non
585 3791 631 3865 ob
645 3813 733 3868 cure
752 3793 925 3880 influunt,
952 3795 1258 3892 primoomnium
1283 3797 1378 3873 hanc
1402 3795 1779 3896 grammaticamim·

159 3891 334 3994 prellerit.
384 3887 457 3967 His
479 3885 640 3966 verubus
663 3887 845 3986 subjunt'ta
868 3891 949 3968 lunt
974 3892 1048 3967 duo
1069 3893 1208 3989 dystica
1230 3896 1276 3969 ad
1299 3893 1490 3975 letiorem:

519 3980 706 4063 Sautcitter
723 3983 882 4063 lselbrana
901 3991 1034 4087 genitus
1054 3988 1191 4087 degente
1211 3995 1353 4082 ioannes
1379 3993 1383 4001 “

612 4078 787 4160 Lucilius:
805 4089 967 4188 prompfit
1014 4102 1178 4164 rammata
1199 4089 1293 4166 datia
1316 4091 1420 4191 nigri.

507 4173 744 4352 Herliplolisq3
759 4181 858 4280 fietus
870 4185 965 4283 florio
979 4114 1122 4284 leuiore:
1150 4189 1291 4265 lacunis.

578 4291 582 4296 ’
644 4303 681 4354 oe
699 4284 821 4355 acuetis
839 4283 985 4376 francus
1001 4287 1077 4379 sert
1101 4283 1280 4362 theodorus
1302 4310 1394 4384 opus.
1611 4303 1614 4311 “

150 4378 316 4456 'landem
339 4373 475 4474 legitur
503 4370 629 4450 subscri
657 4375 711 4454 tio
741 4377 908 4478 sequens:
935 4381 1040 4464 Auno
1061 4381 1201 4462 Salutis.
1238 4383 1294 4462 M.
1316 4381 1450 4461 CCCC.
1467 4375 1629 4458 LXXX.
1668 4373 1769 4454 XII.
1884 4395 1885 4416 ¹

153 4475 229 4556 Cal.
257 4473 375 4575 April.
399 4468 603 4574 Impreffiii
664 4496 772 4574 capa
794 4477 943 4557 Venetiis
963 4479 1059 4558 Duce
1090 4481 1298 4562 Virtute&
1324 4483 1450 4562 Comite
1468 4479 1632 4556 Fortuna.

160 4661 163 4668 ’
1554 4631 1712 4728 XVII.
