3790 5030
35 186 58 214 ..
184 232 211 322 8
386 267 396 276 .
815 193 1154 330 ,ἐξ

184 406 262 504 Ill.
302 377 551 540 Decretum
585 399 780 540 Gratiani
822 429 923 494 cum
967 427 1188 606 apparatu.
1221 395 1530 540 llurtholomaei
1557 405 1798 500 liririenhs.

169 549 172 556 ’
273 521 506 617 ·Venetus
529 545 606 638 per
630 518 869 610 Nrcolaum
898 519 978 631 Jen
999 547 1058 608 on
1083 547 1197 608 auno
1234 543 1429 634 1477.1n
1455 521 1496 610 F
1498 522 1558 611 ol.
1586 541 1727 636 magn.
1878 569 1879 634 5

268 787 274 797 .
344 715 651 796 Hoc=vastillimae
665 712 775 794 molis
799 735 892 812 opus
910 713 1060 810 gothico
1081 712 1288 791 charat’tere
1304 713 1505 792 admodum
1519 715 1709 795 luculento
1731 719 1812 796 im··

185 814 340 919 presum
361 815 412 893 eli
436 815 475 890 in
500 815 642 892 duabus
664 812 866 900 columnis,
890 813 1034 909 quaein
1056 814 1178 888 medio
1197 812 1275 914 sere
1291 813 1436 909 paginae
1457 810 1535 890 srtae
1557 815 1650 892 sunt.
1703 819 1799 905 Qua·

173 931 272 994 ·tuor
293 927 482 992 extremos
508 912 697 1008 margines
720 921 937 1007 apparatus,
961 908 1019 985 seu
1041 907 1163 1006 glossae
1186 921 1378 1004 occupant.
1443 910 1485 985 In
1512 910 1678 1009 supremo
1702 937 1799 990 mar·
1879 928 1880 948 ¹

185 1016 271 1113 gine
293 1021 469 1089 notantur
498 1009 744 1086 distinttioues
776 1007 813 1085 dr
843 1007 986 1103 capita,
1012 1031 1044 1084 e.
1059 1030 1095 1102 g.
1114 1006 1176 1083 Di.
1193 1004 1356 1084 LXXX.
1385 1004 1445 1083 Cu.
1461 1005 1554 1083 XII.
1607 1010 1795 1096 Robrica,

184 1135 269 1212 quae
300 1122 500 1194 vocantur,
531 1109 642 1183 rubro
662 1107 775 1182 etiam
795 1105 919 1179 colore
944 1102 1122 1200 impressae
1144 1103 1234 1181 sunt.
1310 1103 1473 1186 lnltiales
1498 1105 1634 1184 litterae
1657 1110 1697 1184 in
1723 1109 1778 1207 ips

184 1225 292 1288 textu
317 1207 455 1286 desunt.
510 1204 551 1279 ln
571 1201 690 1302 glolhs
714 1213 805 1299 typo
832 1202 968 1299 raphus
984 1223 1119 1298 parvas
1134 1202 1312 1279 adhibuit.
1360 1202 1497 1278 Desunt
1516 1204 1629 1280 etiam
1645 1201 1798 1302 pagini·
1880 1212 1881 1292 l

183 1333 267 1387 rurn
286 1299 447 1390 numeri,
473 1303 512 1380 dr
531 1301 712 1378 custodes.
759 1226 903 1376 assunt
932 1295 1066 1375 veroli
1093 1311 1244 1376 naturae.
1296 1299 1434 1376 Charta
1454 1300 1562 1397 plane
1579 1303 1797 1398 praestantis-
1880 1293 1881 1348 Ὺ

183 1407 271 1488 sima
293 1404 354 1482 est.
403 1402 446 1478 ln
469 1399 543 1475 stne
558 1399 640 1476 haec
661 1408 809 1474 tantum
832 1396 1024 1492 leguntur:
1090 1409 1219 1496 ecreto4
1240 1396 1346 1472 codex
1366 1396 1536 1498 impressus
1548 1399 1726 1499 finguloei
1743 1405 1796 1476 ie·

182 1504 309 1607 dustria
334 1511 414 1597 otqg
450 1495 593 1596 impensa
622 1493 764 1574 Mcoloi
791 1490 927 1610 Jensten
964 1489 1102 1581 Gallici
1125 1493 1281 1576 Ueneliis.
1320 1494 1377 1572 M.
1403 1521 1485 1571 cccc.
1509 1493 1661 1596 Latronis.
1689 1497 1796 1578 Sixto

19 1677 26 1680 .
183 1613 302 1702 quarto
348 1595 478 1697 ontifice
492 1597 650 1672 maximo.
699 1595 872 1669 Memrnit
888 1589 997 1688 hujus
1019 1592 1194 1669 editionis
1210 1593 1372 1670 Orlantli.
1420 1593 1542 1672 Sileni
1565 1598 1795 1679 retorem·
1881 1644 1882 1722 p

183 1701 269 1776 dem
330 1696 537 1792 amberger,
568 1695 614 1770 de
632 1691 751 1781 Bure,
773 1690 813 1770 dt
829 1690 913 1778 alii,
939 1688 1002 1789 qui
1019 1690 1111 1769 milri
1130 1692 1178 1768 ad
1196 1715 1328 1769 manus
1349 1689 1442 1769 sunt

53 1905 55 1913 Ι
184 1971 237 2066 X.
269 1963 449 2061 Nicolui
475 1963 529 2051 de
565 1935 1046 2071 Tudelehis'nrchiep.
1084 1955 1401 2070 Panormitam,
1437 1921 1572 2080 vulgo
1599 1961 1794 2054 Albulis

294 2078 452 2182 Siculi,
489 2075 900 2160 commentariorum
922 2071 967 2157 iu
992 2072 1177 2186 primurn
1202 2076 1357 2165 librum
1384 2079 1668 2170 decretalium
1692 2078 1792 2168 Pars
1882 2149 1883 2171 .

157 2205 176 2332 f
291 2221 398 2397 amp
422 2193 464 2394 lp
492 2191 577 2280 ada
607 2185 811 2280 Veneriis
847 2209 971 2298 1477.
1006 2213 1084 2302 per
1115 2187 1349 2282 Nicolaum
1377 2189 1559 2306 Jenlon.
1591 2219 1617 2283 a
1650 2191 1793 2289 Turn.

290 2339 337 2403 rn
404 2337 462 2394 o.

338 2501 547 2602 Imprelsum
569 2500 620 2579 est
637 2501 708 2580 hoc
730 2521 823 2599 opus
851 2497 1057 2575 charatiere
1074 2497 1224 2593 gothico
1248 2499 1454 2580 inuduabus
1478 2503 1660 2581 columnis
1682 2505 1791 2582 char·
1883 2515 1884 2547 ¹

178 2621 229 2688 tae
243 2605 443 2683 admodum
466 2601 614 2688 nitidae,
642 2623 725 2698 quae
748 2598 890 2694 amplos
909 2596 1019 2670 habet
1042 2597 1237 2692 margines.
1288 2599 1518 2697 insuperiori
1537 2605 1704 2699 margine
1724 2630 1790 2680 no-

178 2723 279 2785 tatur
299 2703 451 2787 titulus,
473 2701 536 2795 qui
553 2699 769 2796 exponitur,
790 2721 821 2770 e.
843 2717 877 2790 g.
900 2692 956 2768 De
976 2689 1137 2790 constrelrt.
1162 2733 1201 2748 -·
1247 2690 1303 2771 De
1317 2699 1434 2800 postul.
1450 2700 1561 2799 prela.
1628 2701 1789 2797 Pagina.

176 2829 260 2884 rum
277 2823 366 2877 vero
385 2797 548 2883 numeri,
569 2795 607 2874 dt
628 2796 794 2870 custodes
817 2791 954 2867 desunt.
977 2837 978 2840 κ
1005 2791 1166 2866 Litteras
1197 2793 1356 2872 initiales
1378 2820 1510 2894 parvas
1530 2800 1788 2898 typographus

175 2903 390 3002 plerumque
410 2892 563 2991 adjecit:
589 2891 681 2991 saepe
699 2905 824 2967 tamen
844 2887 973 2966 omisit.
1024 2887 1234 2984 Signaturae
1256 2893 1394 2969 adsunt.
1444 2895 1569 2972 Prima
1583 2920 1669 2994 pars
1689 2899 1788 2972 hanc

173 3001 286 3078 habet
308 2993 619 3091 subscriptionem:
650 2989 726 3064 Dei
744 2985 873 3064 &botis
898 2986 993 3082 ficuli
1002 3008 1055 3104 pt
1072 2989 1183 3083 primo
1196 2986 1266 3096 sup
1285 2989 1365 3088 peno
1386 2989 1606 3068 decretalium
1620 2993 1788 3092 diligitis·

166 3101 249 3203 stme
277 3090 424 3180 emitsotu
447 3089 595 3187 filiciter
625 3087 775 3187 explicit.
803 3109 866 3184 per
896 3084 1046 3160 Nicoluu
1079 3079 1215 3188 Jenson
1249 3088 1406 3188 gallicum
1448 3089 1594 3166 [senemr
1629 3093 1675 3168 im
1699 3090 1788 3192 reffa

172 3197 239 3274 Mu
268 3189 510 3288 ecceLxxuij.
538 3183 593 3264 die
615 3189 730 3285 xxvij.
756 3178 951 3261 novembris.
1000 3181 1092 3257 P'ars
1110 3183 1265 3260 secunda
1287 3188 1417 3286 incipit
1439 3187 1495 3263 De
1511 3191 1616 3288 offido
1689 3199 1787 3288 pltite

172 3291 292 3371 iudicis
307 3288 451 3386 delegati
476 3287 570 3376 nico.
621 3282 845 3382 Impreffioni
867 3278 974 3378 hujus
991 3279 1108 3376 partis
1129 3281 1215 3358 linis
1238 3285 1289 3380 est
1304 3284 1491 3383 imposrtus
1507 3310 1604 3363 anno
1625 3287 1683 3364 M.
1698 3315 1784 3365 cccc.

177 3391 320 3485 Lxxmj.
337 3386 400 3462 die.
422 3408 460 3462 x.
484 3379 673 3459 decembris.
725 3377 788 3455 An
808 3377 959 3472 reliquae
980 3378 1092 3452 etiarn
1111 3395 1236 3475 partes
1253 3382 1360 3480 hujus
1373 3386 1495 3481 operis
1516 3407 1614 3462 anno
1630 3384 1786 3484 sequen·

171 3491 203 3566 ti
229 3483 424 3561 aNicolao
441 3481 568 3582 Jenson
588 3481 728 3557 suerint
751 3475 851 3576 typis
881 3475 1039 3560 excusae,
1067 3475 1159 3551 mihi
1181 3480 1330 3573 quidem
1348 3507 1422 3558 non
1440 3481 1590 3560 constat.
1638 3484 1786 3561 Praeter

172 3581 438 3665 commentaria
462 3581 560 3656 enim
579 3581 618 3656 in
638 3579 802 3658 Primam
819 3587 962 3674 partem
980 3572 1072 3652 nihil
1095 3574 1212 3654 exstat
1234 3577 1275 3653 io
1298 3577 1531 3660 Bibliotheca
1554 3580 1676 3662 nostra
1695 3604 1786 3661 aca-

170 3682 339 3763 denica..

170 3909 249 4006 XI.
290 3904 335 3996 S.
365 3903 677 3996 Bonaventura
711 3907 758 3995 in
795 3901 953 3993 librum
992 3901 1055 3994 ΙΙ.
1098 3902 1417 3996 sententiarum.
1460 3903 1666 3999 Venetiis
1698 3931 1783 4022 per

129 4023 134 4036 '
255 4017 693 4138 ‘Theudoricum'de
716 4016 1007 4134 Reynsburch
1033 4017 1079 4109 lit
1108 4021 1386 4140 Reynaldum
1418 4022 1474 4132 de
1505 4017 1779 4136 Novimagio

271 4163 389 4230 anno
418 4160 543 4251 1477,
559 4137 612 4225 in
635 4133 676 4225 F
679 4137 741 4230 ol.
769 4133 873 4224 min.
1233 4180 1238 4186 -

167 4383 171 4398 ·
318 4331 364 4410 In
384 4327 508 4408 fronte
523 4328 723 4406 voluminis
750 4327 832 4408 haec
855 4325 969 4405 verba
984 4329 1170 4430 'leguntur
1192 4331 1377 4434 impressa:
1421 4331 1502 4421 liri
1525 4330 1779 4436 excellenttffimi

158 4433 303 4536 &sucre
325 4427 487 4546 theologie
511 4424 584 4503 diui
606 4451 758 4545 monuere
770 4427 947 4544 stemmiqg
973 4427 1156 4543 cpseffort'r:
1173 4431 1219 4532 su
1268 4437 1309 4512 2⁰.
1329 4431 1437 4532 seriu4
1459 4430 1521 4507 deii
1531 4431 1776 4513 Boeaaentun

155 4537 271 4632 mino4
291 4554 335 4607 ex
356 4527 472 4608 ordene
492 4549 574 4628 opst
598 4525 833 4656 pclamffimrtm
843 4528 995 4627 feliciter
1016 4529 1143 4628 tremit.
1193 4460 1359 4631 singulae
1373 4529 1519 4644 paginae
1535 4531 1774 4709 inlffisasco‘
