3794 5028
148 433 237 504 130,
263 414 363 494 linea
385 437 452 511 31„
490 411 564 492 line
587 415 664 492 ulla
682 415 950 515 subscriptione.
1013 419 1154 514 Pagina
1171 359 1296 510 averia
1315 439 1434 498 vacua
1453 417 1515 498 est.
1577 418 1758 518 lnprima

39 523 47 536 ‘
144 514 280 628 pagina
304 510 385 586 folii
412 527 492 599 181.
523 511 647 627 Incipit
678 513 961 628 quadragrfimale
987 513 1152 590 Reurridi
1179 542 1236 592 ma
1260 515 1369 616 (haec
1391 515 1598 613 majusculis
1617 516 1756 594 litteris

146 607 1221 806 ltlttltslthlt.t‘ttttttttl.ttastlttl
1235 611 1757 812 ltlhttt‘lttmrttt

18 881 19 886 ,
149 801 220 884 vilet
247 805 392 901 exceptis
413 802 520 879 tricis
539 802 654 881 dicbus
674 830 811 902 qaorum
828 803 996 903 sermones
1020 819 1192 902 ponuntur
1220 832 1255 881 rei
1280 817 1380 920 parte
1411 805 1452 881 de
1482 819 1625 903 tempore
1644 804 1758 905 supra

147 897 313 1010 impresso.
364 899 597 977 Terniinatur
616 903 687 978 hoc
707 904 846 1000 quadra
872 900 1015 977 esimale
1039 905 1079 978 in
1100 901 1224 979 aversa
1245 903 1472 1000 paginajfolii
1494 908 1574 980 216.
1624 903 1666 978 In
1680 905 1759 1000 pri·

147 995 1757 1268 syrus

148 1190 316 1287 imprello
341 1215 421 1266 222.
439 1149 608 1289 Innpiurit
619 1191 786 1290 sermones
806 1189 847 1264 de
861 1189 988 1290 fimitis
1045 1218 1073 1267 c.
1126 1192 1167 1267 ln
1191 1191 1265 1268 line
1284 1191 1417 1267 horum
1439 1190 1663 1278 sermonum,
1691 1193 1756 1289 qui

148 1290 395 1364 terminantur
413 1287 453 1363 in
477 1289 595 1384 prima
620 1291 754 1386 pagina
775 1288 856 1364 folii
878 1293 970 1385 31⁶,
998 1287 1170 1384 leguntur
1191 1287 1357 1384 imprella
1383 1287 1586 1384 sequentia:
1624 1287 1757 1386 Expli-

148 1387 241 1464 citmt
261 1386 355 1461 aurei
369 1382 537 1554 [omenes
562 1387 663 1460 totius
688 1387 771 1460 anri
795 1381 837 1458 de
866 1397 919 1482 tpe
939 1383 981 1461 δ’
1003 1384 1044 1459 dr
1057 1384 1183 1483 suadis
1209 1410 1282 1459 cum
1304 1383 1544 1484 {drogestmalr‘
1556 1383 1720 1482 pluribus
1731 1412 1755 1482 3

149 1481 371 1586 exhouagiiti
391 1479 616 1578 asermom'ba
639 1481 743 1560 Socre
761 1483 883 1579 pagine
909 1483 1026 1558 eximii
1048 1480 1242 1581 prosefflrrr's
1267 1481 1429 1584 Magistri
1455 1477 1611 1585 Johiinis
1640 1481 1695 1558 Ni
1718 1507 1757 1558 er

149 1578 281 1655 ordinis
298 1576 461 1677 pdicat04
482 1575 628 1682 Impreffl
644 1605 708 1677 per
730 1577 896 1684 Joliannt
915 1577 1047 1655 Zoiner
1067 1581 1102 1654 in
1129 1601 1149 1652 o
1178 1577 1227 1652 'do
1252 1577 1344 1653 Vim.
1410 1577 1564 1653 Litterae
1583 1577 1663 1653 sunt
1688 1603 1757 1674 go·

147 1677 281 1762 micae,
306 1675 448 1750 eaedem
469 1678 619 1752 omnino
647 1700 733 1758 cum
754 1678 910 1761 litteris,
955 1677 1086 1772 quibus
1116 1605 1214 1750 isam
1240 1674 1493 1770 typographus
1520 1675 1593 1749 cluo
1616 1695 1756 1770 piaece·

148 1772 276 1849 dentia
300 1793 410 1867 opera
434 1771 615 1868 imprellit.
686 1770 850 1850 initiales
874 1773 1019 1848 litteras
1052 1793 1206 1868 magnas
1232 1771 1332 1866 ligno
1358 1771 1507 1858 incias,
1532 1792 1666 1865 easque
1687 1771 1758 1848 flo-

149 1880 275 1948 rentes
297 1865 370 1965 ipse
390 1869 643 1966 typographus
671 1870 896 1967 adjiciendas
921 1869 1076 1946 curavit.
1141 1869 1350 1964 Signaturae
1373 1890 1481 1952 vero,
1508 1865 1691 1952 custodes,
1717 1868 1760 1946 δι

149 1965 366 2064 paginarum
388 1966 530 2040 numeri
556 1964 694 2044 desunt.
745 1967 886 2043 Praeter
910 1965 1082 2061 punitum
1108 1966 1250 2044 nullum
1272 1965 1434 2039 occurrit
1455 1965 1551 2038 inter
1576 1963 1761 2038 unitionis

151 2060 302 2156 lignum.
352 2059 509 2137 Videtur
530 2061 601 2136 hoc
623 2085 716 2158 opus
740 2085 854 2137 unum
878 2086 925 2138 ex
949 2063 1079 2159 primis
1101 2061 1190 2150 elle,
1217 2063 1317 2160 quod
1339 2060 1524 2159 Johannes
1543 1985 1677 2136 {einer
1692 2059 1760 2135 Ul·

150 2178 225 2237 mae
248 2159 399 2240 excudit
419 2159 518 2240 circa
535 2181 673 2236 annum
694 2183 798 2260 1470·
822 2158 884 2236 vel
906 2183 1010 2258 1474

149 2365 359 2458 xxxiii.
388 2363 600 2458 Doctoris
619 2369 781 2474 Ulrici‚
820 2365 926 2457 dieti
949 2367 1103 2458 Ulmer
1131 2370 1175 2457 in
1204 2369 1357 2477 Ulnia,
1392 2349 1634 2456 fraternitas
1655 2365 1759 2454 Cle-

269 2483 327 2588 ri,
360 2477 432 2568 seu
460 2480 635 2596 Regulae
657 2480 999 2571 conversationis
1025 2483 1068 2570 ur
1094 2511 1259 2571 morum
1292 2511 1370 2594 pro
1394 2482 1590 2587 clericis,
1624 2483 1761 2569 maxi·
1894 2487 1895 2513 ¹

266 2619 338 2684 me
363 2597 407 2690 in
435 2599 590 2690 eadem
611 2592 822 2686 societate
848 2598 1112 2684 viventibus.
1146 2598 1191 2684 in
1218 2595 1316 2684 Fol.
1339 2597 1444 2688 min.
1893 2596 1894 2617 ¹

253 2789 432 2876 Quamvis
454 2729 554 2865 nulla
574 2792 681 2878 anni,
700 2790 792 2877 loci,
816 2791 1039 2889 typographi
1063 2791 1195 2866 notitia
1215 2785 1257 2863 sit
1275 2785 1466 2884 insignitus
1492 2787 1555 2862 iste
1573 2785 1681 2863 liber:
1705 2783 1761 2860 sa·
1891 2819 1892 2827 Ν

152 2885 204 2962 ets
227 2897 353 2962 tamen
373 2909 421 2960 ex
441 2884 576 2964 litteris
604 2887 844 2982 dignoscitur,
883 2911 931 2962 ex
960 2889 1203 2986 typographia
1240 2885 1415 2986 Johannis
1448 2885 1581 2960 Zainer
1600 2881 1763 2958 Uhiienfi
1890 2913 1891 2931 ¹

150 2981 258 3060 illum
267 2982 459 3155 cprodiisse.
537 2984 633 3060 Sunt
658 2979 771 3061 iide‘m
793 2986 891 3059 enim
916 2989 1065 3060 omnino
1086 2986 1186 3080 typi,
1213 2983 1344 3078 'qiiibus
1365 2979 1572 3078 imprellum
1593 2977 1647 3090 est·
1665 3000 1762 3074 opus
1889 2985 1890 3037 i

151 3079 266 3158 imme
293 3081 366 3194 iate
391 3081 613 3178 praecedens.
666 3081 822 3194 Vitiatur
841 3096 965 3161 autem
981 3083 1040 3196 liic
1063 3083 1257 3193 liberante
1281 3079 1551 3175 praecedentem
1570 3090 1671 3245 tytp¹s
1693 3099 1761 3149 ex·

154 3175 258 3255 cusus
281 3177 393 3252 fuiile.
475 3178 652 3253 Sciebant
675 3203 774 3255 enim
797 3179 1019 3278 typographi
1041 3193 1182 3275 antiqui
1203 3199 1342 3274 primos
1368 3175 1480 3250 loetus
1502 3171 1584 3248 suos

20 3291 29 3298 ‘
154 3274 303 3354 nomine
325 3277 364 3352 in
382 3274 505 3355 lucem
524 3276 704 3355 emittere.

256 3465 299 3539 In
322 3461 444 3541 aversa
462 3467 570 3562 primi
583 3467 662 3543 lolii
678 3469 817 3566 pagina
839 3467 974 3565 legitur
997 3465 1182 3568 Regijlrum
1205 3465 1240 3540 r'n
1254 3463 1504 3562 fraternitatem
1524 3459 1625 3572 clerig
1647 3460 1686 3535 in
1709 3458 1763 3534 se·

183 3561 286 3636 uenti
310 3575 435 3640 autem
464 3563 552 3639 folio
575 3565 731 3646 austeris
756 3567 885 3667 incipit
908 3564 1101 3664 prologus»,
1144 3562 1363 3638 terminatus
1384 3563 1423 3636 in
1446 3559 1570 3636 aversa
1593 3557 1765 3655 ejusdem

159 3585 239 3735 lolii
269 3659 418 3754 pagina,
448 3657 544 3735 linea
566 3687 623 3756 31.
704 3661 840 3739 Desunt
866 3687 940 3748 non
967 3664 1078 3739 modo
1101 3657 1312 3755 signaturae,
1341 3657 1525 3742 custodes,
1551 3655 1590 3732 δι
1612 3653 1766 3750 pagina·

159 3779 242 3834 rum
268 3755 428 3841 numeri,
476 3775 604 3832 verum
633 3759 745 3834 etiam
770 3759 930 3835 initiales
954 3759 1100 3833 litterae.
1176 3755 1382 3830 Occurrunt
1406 3776 1494 3830 vero
1516 3763 1768 3848 praeter-pun·

65 3899 70 3908 ·
160 3851 259 3928 tium
279 3854 391 3932 etiam
415 3853 488 3929 duo
511 3853 652 3954 punita.
714 3857 815 4028 OKus
836 3859 872 3933 in
895 3855 1047 3950 triginta
1069 3853 1204 3948 septem
1225 3853 1345 3947 capita
1366 3849 1522 3925 divisum
1548 3845 1618 3932 est,
1645 3845 1685 3924 ἀ
1699 3845 1770 3956 ,ϊο-

87 4031 90 4038 ,
162 3951 224 4028 liis
252 3947 426 4049 imprellis
453 3954 509 4044 86.
530 3951 680 4025 constat.
770 3954 794 4028 (1
812 3953 949 4028 calcem
970 3951 1174 4025 cliaraftere
1196 3947 1391 4044 majusculo
1406 3949 1486 4022 liaec
1506 3945 1678 4040 leguntur
1698 3962 1771 4014 im-

163 4046 295 4149 prella:
338 4045 550 4121 Fraternr'tor
573 4045 669 4123 Cleri.
679 4075 740 4146 per
764 4047 923 4126 dotorem
954 4047 1106 4123 Ulrr'cam
1127 4043 1235 4118 editor
1259 4046 1317 4140 qui
1338 4043 1439 4141 vulgo
1468 4039 1584 4118 Ulmer
1602 4041 1638 4112 ier
1664 4035 1771 4114 turno

164 4155 304 4238 vocator
324 4143 409 4240 finit
422 4142 580 4239 feliciter.
669 4148 760 4234 Quis
780 4146 893 4223 fuerit
914 4143 978 4221 iste
999 4144 1128 4220 Ulmer
1148 4141 1187 4216 in
1207 4141 1335 4224 Ulma‚
1363 4163 1437 4216 non
1466 4137 1570 4235 potul
1596 4135 1772 4231 reperire.

163 4241 287 4320 Silent
315 4239 422 4338 plane
455 4241 639 4330 austores,
680 4245 743 4341 qul
765 4244 855 4319 mihi
878 4264 954 4339 prae
977 4241 1146 4316 manibus
1174 4236 1271 4324 sunt,
1312 4260 1387 4311 non
1407 4235 1521 4310 solum
1540 4234 1587 4308 de
1605 4229 1771 4318 authore.

164 4337 358 4416 sedetiam
384 4337 430 4416 de
453 4338 527 4434 ipso
548 4363 669 4437 opere.
726 4338 841 4415 Fuill'e
864 4341 985 4414 virum
1008 4337 1171 4422 dolium,
1197 4335 1298 4430 pium
1313 4331 1350 4410 &
1365 4333 1584 4408 inueterum
1607 4329 1773 4412 Patrum,

167 4457 212 4516 ac
237 4433 538 4538 Philosophorum
555 4437 695 4538 scriptia
717 4437 1006 4522 versatissimum,
1032 4433 1175 4510 abunde
1194 4429 1345 4510 testatur
1367 4428 1523 4530 praesens
1543 4447 1646 4522 opus.

1508 4541 1711 4639 xxxiv.

796 4805 811 4860 i

1617 3193 1677 3246 ine
1699 3171 1761 3247 suo
1886 3181 1888 3272 J
