3832 5030
221 390 358 471 ohannis
379 391 421 470 de
437 392 586 474 cotona:
610 393 749 473 lisicosui
768 391 904 501 Jrnson
919 337 1097 497 socimiq3
1115 398 1245 497 summa
1265 405 1305 476 ni
1320 400 1475 576 disr'fitiu
1487 375 1798 507 amasiis-impffnm

1386 527 1397 576 a

1366 505 1375 518 fl

210 497 278 570 nit:
304 491 409 568 Anno
424 491 550 591 salutis
567 492 671 592 disice
694 495 957 572 blccchxxxi.
998 497 1110 573 asiano
1133 497 1290 574 calendas
1309 497 1370 604 ffb
1391 503 1420 577 'i.
1471 502 1568 580 Laus
1588 503 1658 580 deo.
1712 504 1798 580 Ac.

182 593 282 669 cedit
302 590 457 698 tabula„
471 589 532 666 seu
545 591 658 668 index
673 589 939 691 quaestionum,
963 595 1065 672 soliis
1084 595 1219 695 septem
1246 600 1551 698 comprehensus,
1582 601 1621 680 dt
1643 602 1801 680 demum

182 690 371 790 Regijlrum
392 685 595 766 chartarum.
701 785 704 790 Ι
1423 731 1428 736 -

180 849 388 1005 lilllllls.
423 905 623 998 Prisciani
643 907 923 999 Grammatici
955 935 1089 1026 opera
1105 909 1298 1026 impressa
1322 909 1527 1004 Veneriis
1548 907 1794 1028 sumptibus

14 1027 15 1032 '
296 1021 532 1117 Michaelis
560 1023 811 1168 lisanzoliai
835 1025 890 1110 de
914 1022 1066 1130 Parma
1090 1053 1203 1116 anno
1236 1047 1360 1136 1481.
1386 1027 1431 1123 in
1456 1023 1559 1114 Fal.

316 1217 367 1297 ¹ln
401 1219 524 1297 fronte
560 1216 760 1294 voluminis
793 1213 947 1322 ffusiaao'
977 1215 1115 1324 Consrcii
1147 1245 1187 1298 ae
1212 1219 1364 1296 Patricio
1396 1217 1591 1393 Pri4cianm
1622 1217 1791 1300 Salutem.

176 1320 320 1399 Finitur
342 1319 424 1394 haec
443 1315 593 1414 epistola
618 1317 658 1388 in·
682 1311 807 1391 aversa
828 1318 937 1413 primi
957 1317 1038 1392 solii
1061 1319 1195 1416 pagina
1219 1319 1317 1394 linea
1342 1332 1396 1404 18.
1484 1342 1547 1395 um
1572 1320 1792 1400 immediate

176 1419 373 1517 sequuntur
395 1415 523 1493 brevia
545 1427 761 1507 argumenta
779 1435 932 1512 operum
948 1413 1121 1491 Prisciani
1142 1416 1467 1512 grammaticorum
1486 1417 1598 1513 vulgo
1621 1417 1791 1519 majoris,

175 1519 216 1594 in
233 1516 389 1594 sedecim
409 1511 523 1587 libros
546 1507 670 1596 divin,
696 1511 735 1588 dc
753 1511 926 1597 minoris,
954 1514 1057 1609 quod
1074 1514 1216 1590 duobus
1231 1527 1376 1593 tantum
1392 1515 1494 1589 libris
1509 1513 1658 1591 constat.
1712 1513 1789 1590 Fo-

175 1616 226 1690 lio
252 1613 364 1688 tertia
399 1609 549 1685 demum
585 1608 695 1705 paulo
723 1621 809 1684 aute
841 1610 1004 1684 medium
1036 1613 1180 1708 paginae
1213 1613 1342 1708 primae
1374 1611 1505 1707 incipit
1540 1611 1655 1708 ipsum
1690 1635 1788 1708 opus

175 1709 306 1809 majus.
372 1707 483 1805 Operi
508 1706 642 1782 minori
667 1705 881 1782 immediate
915 1707 1082 1782 adnexus
1111 1708 1161 1784 esi
1184 1707 1357 1804 dialogus
1386 1709 1483 1783 inter
1510 1709 1721 1806 magistrum
1742 1711 1788 1788 dt

41 1817 47 1828 '
148 1881 152 1891 ,
172 1807 388 1905 discipulum
411 1803 548 1881 de'XIl.
565 1804 818 1890 Carminibus
846 1802 905 1880 seu
926 1803 1083 1902 analysrs
1105 1805 1227 1882 versus
1248 1807 1356 1904 primi
1371 1803 1536 1903 cujusvis
1550 1806 1633 1884 libri
1656 1807 1787 1883 AEnei·

152 1898 252 1984 dos.
302 1902 500 1998 Dialogum
534 1903 632 1976 hunc
663 1903 803 1998 excipit
840 1901 1098 1981 tractatam
1121 1899 1365 1991 decentibus¹
1398 1903 1444 1980 de
1470 1903 1715 1992 Ponderibus,
1740 1905 1784 1983 dt

174 1999 376 2086 lllensuris,
401 2000 538 2097 partim
567 2000 720 2074 metrice
741 1997 879 2074 conseri
905 2012 977 2075 tus.
1032 1998 1108 2077 'Ad
1134 2001 1245 2100 hujus
1271 2001 1381 2078 linem
1404 1999 1589 2098 sequentia
1608 2001 1643 2078 se
1717 2015 1783 2083 tur

167 2101 397 2196 subscriptat.
414 2095 575 2171 Velamen
593 2095 754 2192 prisciani
772 2092 812 2168 dc
833 2023 902 2169 clip
922 2094 1080 2195 partilem
1102 2102 1283 2175 orationis:
1304 2099 1345 2173 de
1364 2097 1612 2200 conflandam:
1693 2098 1780 2175 dua

172 2199 277 2275 decim
299 2191 521 2310 carminibus:
543 2190 585 2267 dc
606 2189 808 2268 accentibus:
831 2188 871 2264 de
894 2197 1037 2270 numeris
1057 2195 1097 2273 fi
1113 2193 1323 2311 ponderibus·
1338 2195 1379 2274 Ei
1401 2195 1561 2311 mensuris
1581 2199 1778 2296 explicitam

167 2293 357 2489 sinisii
380 2287 959 2502 inimicissimis
972 2294 1375 2489 inclitissimis
1392 2293 1779 2468 sitanstetn

167 2491 388 2569 aPrisciano
409 2512 457 2564 ex
478 2487 715 2582 Hermogene
737 2487 939 2563 translatis.
991 2488 1199 2566 Tradatum
1224 2491 1321 2566 lrunc
1343 2490 1481 2586 excipit
1504 2488 1671 2587 Prisciani
1687 2500 1774 2590 gra·

166 2589 281 2665 musici
299 2587 339 2662 de
360 2582 503 2685 aerstbat
522 2585 652 2675 comicis
678 2581 792 2678 Ratio.
840 2585 939 2661 Huic
957 2585 1141 2662 adnexum
1163 2588 1211 2664 est
1235 2585 1480 2690 Camcnturinm
1502 2586 1623 2685 Rufini
1643 2585 1684 2662 dc
1703 2613 1773 2664 me·

164 2690 228 2762 tris
252 2688 392 2760 coercitis.
457 2681 640 2762 Volumen
659 2682 834 2758 claudunt
857 2680 1052 2758 Tratiatus
1069 2685 1116 2759 de
1138 2685 1394 2762 Declinatioue
1420 2686 1611 2760 nominum
1629 2685 1668 2764 δι
1687 2709 1773 2760 ver·

164 2787 313 2868 borum,
335 2779 559 2878 &Prisciani
582 2780 810 2878 interpretatio
834 2804 878 2853 mc
896 2778 1042 2954 dianyffo
1063 2778 1119 2854 De
1141 2780 1232 2857 orbis
1254 2784 1326 2876 fita.
1405 2779 1468 2856 Ad
1492 2783 1631 2860 calcem
1661 2782 1772 2880 hujus

162 2879 480 2976 interpretationis
506 2877 670 2954 metricae
697 2877 780 2956 baec
812 2877 924 2976 babes
953 2877 990 2955 su
1015 2879 1164 2976 scripta:
1208 2879 1400 2980 Ianprreffam
1436 2877 1587 2954 Venalis
1611 2878 1726 2978 Impcn
1739 2905 1771 2954 rs

162 2978 269 3077 Magi
293 2980 325 3051 ri
348 2973 529 3051 Michaelis
548 2973 748 3050 Manzoiiai
771 2974 811 3048 de
831 2975 970 3051 Parma.
1019 2974 1125 3052 Anno
1145 2975 1295 3054 Domini.
1315 2973 1673 3054 MCCCCLXXXI.
1740 2979 1772 3052 ie

160 3101 220 3155 nu.
244 2981 371 3176 iiiam
392 3069 596 3150 Decembris.
645 3071 806 3151 Accedit
824 3071 1013 3174 Regislrum
1027 3071 1286 3177 (chartarum)
1313 3072 1410 3174 sajus
1428 3073 1615 3152 uolaneinir.

317 3223 433 3353 Tppis
455 3245 507 3330 im
533 3249 663 3330 tellum
686 3235 735 3328 est
753 3251 824 3328 hoc
849 3275 943 3348 opus
964 3253 1134 3331 rotundis
1156 3253 1471 3353 perelegantibus,
1494 3233 1533 3330 u
1557 3252 1766 3330 luculentis.

123 3426 129 3436 ,
157 3352 306 3436 Graeca,
333 3374 416 3450 quae
441 3373 487 3448 pa
513 3374 564 3426 rm
584 3363 801 3437 occurrunt,
822 3365 996 3426 accerrtus
1018 3352 1165 3452 habent.
1235 3353 1372 3429 Desunt
1391 3349 1576 3436 custodes,
1601 3351 1765 3436 numeri,

155 3449 471 3548 &inscriptiones
501 3447 729 3545 paginarum.
804 3449 967 3524 Litteras
1000 3472 1089 3526 vero
1122 3451 1283 3526 initiales
1315 3471 1467 3544 parvas,
1496 3447 1534 3524 δι
1562 3447 1766 3544 signatores

155 3549 408 3642 typographus
429 3544 576 3642 adjecit.
626 3546 765 3657 Charta
784 3546 834 3621 est
853 3544 1147 3642 praestantissima.
1201 3547 1404 3658 Priscianus
1419 3545 1551 3657 Rornae
1569 3551 1677 3620 natus
1700 3543 1762 3626 esi,

154 3641 329 3721 Caesareae
355 3666 442 3718 vero
460 3642 498 3718 in
519 3640 874 3718 Palaestina'btt‘eras
900 3645 1049 3729 didicit,⁴
1079 3665 1169 3740 quas
1194 3643 1507 3739 Constantinopoli
1534 3641 1765 3738 postmodum

83 3822 87 3831 ,
153 3739 290 3816 docuit.
320 3729 428 3815 'Fuit
454 3737 660 3813 Cassrodoro
691 3747 871 3826 cocenim,
908 3741 1104 3838 floruitque
1142 3737 1234 3815 adeo
1267 3739 1396 3817 saeculo
1434 3737 1546 3814 sexto.
1601 3739 1764 3836 Operum

152 3835 324 3914 Prisciani
344 3837 527 3921 editiones
549 3835 672 3932 places
694 3835 852 3912 nostram
875 3837 973 3934 hanc
997 3837 1271 3934 praecesserunt,
1294 3837 1470 3912 nimirum
1505 3837 1689 3924 omnium,
1717 3847 1762 3910 ut

21 3977 25 3992 ·
152 3935 331 4022 creditur,
361 3935 592 4032 primatum.
626 3955 728 4028 140.
762 3931 835 4008 fine
867 3933 949 4008 loco
972 3935 1010 4012 uc
1043 3935 1284 4032 tvpographo.
1337 3933 1492 4022 Venetae
1523 3936 1607 4008 duae
1630 3935 1763 4010 eodem

111 4049 247 4209 'aa
260 3955 713 4206 attineamini
733 4031 1003 4204 latitant
1016 4027 1761 4226 Jalctrtthrtcttnssnastle:

148 4251 276 4308 corum
303 4249 413 4326 quam
435 4181 635 4304 laiinorum
658 4219 841 4322 elegantia
864 4225 930 4304 vix
957 4227 1129 4324 cuiquam
1154 4251 1201 4304 ex
1230 4227 1288 4302 his
1312 4227 1428 4310 cedet.

1379 4481 1382 4484 ¹
1490 4543 1698 4654 nuxit,
