3790 5030
135 210 214 332 ‘at
798 201 1123 326 ἑὲ

155 412 259 498 tiam.-
285 414 421 489 diuinas
449 411 653 490 decretorum
674 409 780 488 codex
806 411 976 514 impreffus
1005 409 1171 511 Ueneriis:
1199 407 1433 513 mmrotifflmr
1456 408 1577 488 iterum
1599 410 1774 490 emendat·

155 533 180 606 p
205 515 363 608 egregiag
392 537 432 586 oc
456 510 633 613 clorrffimri
654 510 737 585 iaris
760 508 911 608 utriusq3
933 509 1040 585 austri
1064 507 1142 584 daim
1168 509 1304 586 Petram
1327 503 1531 608 Albignomi
1560 509 1678 586 Trachi
1706 511 1778 590 Ue-

138 605 255 705 'a‘ttijs
278 609 393 688 Sixto.
415 609 476 708 iiij.
494 607 594 708 stbno
608 607 692 688 Pon.
706 631 805 683 unao.
830 609 901 705 viij.
948 609 1132 702 mperoto'rt
1156 606 1324 684 Federico.
1348 607 1366 696 (
1377 605 1451 707 sic)
1477 609 1527 705 iij.
1546 605 1690 712 ffatim
1703 634 1780 684 mo·

155 710 271 804 reaigo
297 707 364 783 incl
386 719 420 782 to
449 705 598 806 Ueneto4
627 705 741 804 'acipa
764 707 813 800 iij.
838 727 944 780 tronus
967 701 1179 810 Julianus.
1222 704 1328 780 Anao
1342 705 1468 802 ,solatis
1488 705 1582 780 driice
1608 707 1666 782 M.
1690 735 1779 784 cccc.

159 802 302 881 Lxxix.
407 829 449 878 as
476 804 548 880 deo.
613 733 657 882 in
684 804 808 880 aversa
852 806 963 899 agina
983 803 1063 880 solii
1088 802 1273 900 ejusdem,
1305 803 1409 899 cujus
1437 805 1556 900 prima
1579 805 1779 882 recitatam

158 904 271 978 modo
295 901 589 999 subscriptionem
610 902 795 986 continet,
826 827 999 996 ieguntur
1022 901 1105 976 duae
1125 901 1315 996 Epistulae,
1347 901 1384 976 di
1402 903 1501 995 prior
1517 902 1665 997 quidem
1680 903 1782 979 Bar·

80 1025 89 1036 ·
155 1000 346 1080 tholomaei
368 999 467 1077 Pitei
489 1000 537 1076 ad
558 999 710 1075 Petrum
728 995 1021 1094 Albignanume
1037 1021 1110 1094 qua
1136 997 1198 1073 ille
1223 998 1320 1100 huuc
1345 999 1531 1086 hortatur,
1558 1009 1600 1076 ut
1626 1012 1781 1077 textum

156 1120 224 1196 pro
246 1099 411 1173 editione
440 1098 511 1173 hac
538 1097 771 1174 emendaret:
787 1155 795 1172 .
812 1095 929 1171 altera
960 1118 1050 1172 vero
1081 1095 1182 1171 Petri
1205 1093 1406 1191 Albignani
1433 1095 1674 1192 responsoria,
1701 1121 1781 1194 qua

155 1193 256 1274 illius
277 1193 453 1271 desiderio
477 1216 543 1292 pro
570 1195 711 1274 viribus
732 1191 766 1268 se
788 1191 1013 1270 satisfacere
1034 1191 1209 1270 studuisse„
1223 1191 1386 1269 testatur.
1454 1185 1598 1273 Folium
1618 1192 1777 1292 sequens

156 1319 231 1372 nou
257 1291 322 1370 nili
344 1291 433 1390 Regi
458 1318 532 1366 ram
556 1293 723 1369 continet
747 1292 968 1368 chartarum.
1049 1287 1208 1366 Accedit
1239 1291 1410 1378 tandem,
1438 1289 1575 1388 septem
1603 1293 1779 1370 constans

160 1391 262 1466 soliis
285 1392 402 1487 impre
429 1413 480 1476 rs,
511 1389 658 1466 Decreti
683 1389 937 1474 summarium,
963 1385 1011 1462 ad
1043 1387 1147 1486 cujus
1175 1387 1314 1466 calcem
1341 1387 1537 1488 majusculo
1567 1389 1780 1468 charactere

155 1488 330 1584 leguntur
352 1487 556 1584 sequentia:
585 1485 732 1585 Flosculi
747 1485 807 1584 sau
830 1484 980 1584 samarii
1001 1489 1102 1560 totizu
1133 1483 1256 1560 decreti
1270 1485 1368 1584 fiatis.
1434 1486 1557 1583 Hujus
1579 1489 1778 1576 editionis.

157 1608 241 1680 quoe
266 1598 442 1681 typorum
463 1583 662 1680 elegantia,
691 1585 830 1662 chartae
857 1583 1085 1680 praestantia,
1114 1584 1153 1663 dr
1176 1583 1399 1662 correttioae
1428 1597 1556 1663 textus
1585 1605 1662 1682 prae
1680 1587 1780 1682 ,aliis

124 1701 129 1714 ‘
156 1683 235 1758 sere
257 1683 426 1780 omnibus
453 1682 548 1760 Sacc.
572 1681 655 1760 XV.
685 1682 909 1758 editionibus
929 1683 1051 1778 operis
1075 1681 1241 1779 ejusdem
1265 1681 1299 1760 so
1319 1681 1502 1781 imprimis
1526 1685 1778 1772 commendat.

158 1801 235 1862 uon
258 1780 459 1858 meminere
485 1779 636 1856 Orlandi
660 1781 697 1860 δι
719 1779 960 1876 Hamberger.
1013 1781 1186 1856 Meminit
1203 1803 1292 1856 vero
1314 1777 1393 1877 ejus
1414 1781 1602 1860 lllaittaire
1624 1781 1729 1860 som.
1748 1785 1776 1861 1.

159 1899 242 1975 pag.
268 1903 351 1974 403.
416 1877 531 1952 Extat
552 1881 664 1954 etiam
690 1879 728 1952 in
751 1877 983 1958 Bibliotheca
1010 1880 1240 1956 commendae
1264 1871 1350 1952 Ord.
1373 1878 1490 1954 lllelit.
1518 1874 1776 1978 Argentorati,

159 1988 203 2048 ut
226 1977 351 2056 ridere
371 1973 539 2069 ellapud
563 1976 786 2070 Weislinger
814 1977 852 2050 in
882 1972 1157 2050 Armomeatorr'o
1190 1973 1320 2052 curtat.
1348 1973 1429 2072 pag.
1457 1979 1618 2071 123.ubi
1647 1991 1778 2065 tarneu

158 2085 296 2248 praeter
320 2069 632 2167 subscriptionem,
665 2095 820 2174 eamque
849 2097 922 2152 non
953 2073 1038 2154 satis
1069 2075 1254 2154 adcurate
1276 2071 1512 2172 exscriptam,
1540 2075 1630 2150 nihil
1652 2078 1698 2154 de
1728 2101 1778 2156 ea

187 2169 271 2248 abet
291 2168 460 2268 anplius.

158 2419 248 2508 lll.
266 2417 319 2504 ·S.
349 2419 577 2527 trigesini
601 2415 725 2504 labri
757 2407 898 2502 llllll.
928 2413 982 2502 de
1017 2412 1212 2505 Ciuitate
1241 2416 1329 2508 Dei
1368 2447 1467 2510 cuna
1506 2377 1779 2516 commenta·

276 2532 352 2620 riis
376 2527 562 2618 Thourae
590 2530 748 2623 Valois
779 2529 821 2616 bt
851 2528 1025 2616 Nicolai
1058 2527 1267 2640 Trlveth‚
1315 2533 1423 2630 Ord.
1449 2535 1779 2632 Praed.Bas1leae

280 2673 394 2736 auno
425 2674 533 2764 147«)
558 2672 635 2763 per
658 2643 928 2736 Michaelem
960 2641 1205 2741 Wenl'sler.
1233 2651 1276 2738 iu
1302 2647 1400 2738 Fol.
1425 2679 1564 2762 magn.

198 2845 202 2852 '
322 2841 464 2940 Textup
494 2840 531 2916 S.
546 2839 738 2936 Augustini
762 2839 911 2935 gothico
932 2839 1149 2918 enar-ariera
1169 2841 1299 2940 majori
1316 2843 1400 2919 satis
1421 2846 1608 2924 luculento
1628 2851 1665 2926 in
1684 2853 1778 2930 dua·

162 2937 231 3012 bus
254 2937 436 3014 columnis
460 2940 598 3016 charta‘e
621 2937 827 3014 firmissimae
849 2934 991 3012 seorsim
1015 2937 1203 3034 impressus
1227 2942 1287 3017 elt.
1339 2943 1462 3019 Finito
1485 2959 1590 3021 textu
1619 2946 1779 3046 sequun-

163 3046 224 3109 tur
248 3037 512 3114 commentaria
536 3037 636 3134 typis
660 3035 770 3134 longe
797 3034 1001 3118 minoribus
1025 3037 1185 3130 gothicis
1210 3039 1386 3136 impressa.
1439 3042 1549 3118 Initio
1571 3046 1777 3125 voluminis
1893 3101 1894 3108 κ

164 3131 458 3226 legimrSenttaio
473 3131 560 3208 bauti
577 3135 741 3234 augustini
762 3131 901 3230 episcopi
923 3155 967 3206 aar
990 3131 1077 3206 libro
1096 3133 1350 3213 retractatorum
1379 3126 1644 3236 plantatoris
1669 3144 1703 3217 cs
1723 3152 1777 3221 cr'-
1893 3181 1894 3238 g

162 3231 267 3303 nitate
299 3231 363 3308 dei.
426 3233 534 3310 Hanc
568 3233 758 3328 excipiunt
784 3230 964 3327 capitula,
993 3229 1053 3306 seu
1079 3232 1178 3308 tituli
1204 3237 1327 3332 potius
1360 3239 1523 3334 capitum
1550 3238 1777 3336 singulorum

83 3319 87 3336 '
162 3328 272 3421 primi
294 3330 395 3415 libri,
426 3331 489 3426 qui
515 3329 663 3425 quidem
688 3329 725 3402 in
748 3327 874 3402 aversa
893 3327 974 3401 folii
996 3327 1160 3424 ejusdem
1185 3335 1338 3428 pagiua,
1366 3334 1537 3411 columna
1561 3341 1696 3434 prima,
1728 3344 1778 3428 lif

164 3445 233 3496 nea
259 3439 314 3512 18.
339 3429 594 3502 terminantur.
676 3425 779 3500 Folio
812 3421 1134 3527 secundo—„Aurata
1159 3433 1325 3531 origuflini
1349 3435 1531 3536 ippoarnsts
1552 3441 1604 3532 epi
1630 3438 1777 3517 datoris

123 3609 130 3631 ὀ
164 3521 280 3594 eximii
299 3520 340 3596 dr
359 3527 493 3599 ciuitate
514 3521 568 3598 dei
590 3534 663 3597 atro
679 3545 835 3621 paganos
861 3518 944 3596 tiber
968 3545 1068 3618 panus
1089 3526 1214 3623 ineptit.
1285 3530 1406 3607 Libris
1439 3531 1588 3628 singulis
1620 3540 1778 3631 praelixa
1820 3572 1826 3582 ¹

164 3615 244 3692 sunt
270 3622 447 3717 capitula,
471 3621 531 3698 seu
553 3621 653 3698 tituli
680 3620 912 3704 eorumdem,
940 3621 1003 3716 qui
1025 3622 1134 3697 initio
1155 3626 1317 3721 capitum
1340 3655 1413 3704 non
1428 3646 1655 3726 repetuntur.
1699 3639 1778 3713 De·

163 3709 308 3792 suntin
327 3718 396 3793 hac
416 3720 579 3799 editione
601 3719 722 3795 ubivis
747 3717 882 3794 litterae
896 3717 979 3791 initi
1004 3719 1075 3804 les,
1103 3717 1320 3816 fignaturae,
1344 3727 1528 3814 custodes,
1554 3733 1777 3826 paginarum

162 3817 324 3922 numeri,
355 3817 626 3912 earundemque
649 3815 913 3913 inscriptiones.
962 3743 1024 3890 lid
1041 3819 1178 3894 calcem
1194 3835 1321 3900 textus
1346 3824 1429 3900 libri
1456 3849 1500 3904 22
1521 3830 1633 3905 rubro
1648 3833 1777 3912 colore

163 3913 329 4009 tmpiella
341 3913 424 3992 haec
438 3926 583 3990 tantum
597 3914 787 4010 leguntur:
1289 3997 1292 4002 ,

490 4008 615 4086 Tertor
659 4009 769 4106 sontii
805 4006 990 4116 Augustini
1031 4008 1073 4086 de
1114 4014 1248 4091 ciuitate
1294 4014 1350 4090 tei
1395 4019 1454 4096 Ba

425 4135 431 4145 ·
474 4108 553 4208 stira
589 4107 758 4206 ianarrffus
790 4105 948 4206 Explicit
979 4105 1137 4204 filiciter.
1180 4111 1287 4189 Anao
1310 4115 1451 4195 Laxior.

162 4202 234 4280 His
259 4199 413 4302 subjesta
444 4205 665 4302 typographi
697 4203 857 4298 insignia.
901 4203 1040 4284 Aversa
1066 4210 1202 4308 pagina
1224 4211 1335 4312 hujus
1360 4215 1440 4291 solii
1469 4213 1519 4291 est
1548 4240 1675 4294 vacua.
1730 4222 1776 4302 In

162 4299 284 4381 fronte
308 4318 433 4378 autern
456 4302 536 4378 solii
570 4301 750 4402 sequentis
784 4299 890 4378 Socra
919 4307 1042 4401 pagine
1070 4307 1210 4408 ‘psaffo4
1244 4309 1374 4388 ordinis
1406 4309 1610 4412 patrumm
1652 4313 1776 4396 nome

164 4403 272 4475 aulois
294 4399 336 4478 Θ
359 4401 483 4476 nicolai
507 4399 627 4474 trirretlr
649 4405 659 4475 i
684 4397 788 4475 libros
813 4396 901 4474 beati
920 4405 1086 4503 augustini
1107 4393 1148 4477 tie
1174 4407 1309 4484 ciuitate
1330 4408 1385 4485 tei
1406 4417 1608 4490 comentariu
1621 4415 1776 4509 feliciter

162 4497 328 4575 inchoant.
403 4501 445 4576 ln
481 4498 554 4576 flue
590 4511 712 4574 autern
751 4497 882 4572 indicis
914 4501 1151 4594 materiarum
1179 4504 1418 4604 alphabetici,
1447 4512 1511 4610 qui
1532 4517 1774 4593 cementariis

1591 4631 1725 4688 imme·
