3790 5030
110 435 330 515 immediate
353 437 520 520 adnexus
541 440 609 528 est,
635 440 791 520 'uberior
815 442 953 539 legitur
984 441 1119 520 notitia
1143 441 1255 519 rubro
1282 441 1427 535 colore,
1452 442 1493 525 dt
1514 442 1649 526 iisdem
1673 443 1737 522 tit-

110 536 226 618 teris.
261 540 393 634 quibus
421 554 549 619 textus
572 540 611 616 S.
634 538 848 638 Augustini,
874 540 1058 638 impressa:
1332 619 1335 624 ,
1730 555 1733 560 “

303 733 306 738 Ι
475 635 560 737 Igii'
610 637 732 712 aurelii
778 641 946 810 angustini
996 637 1144 716 ciuitatis
1189 633 1376 714 orthodoxe
1519 659 1525 668 ·

467 733 591 837 fideris
623 734 781 834 jfirlgs'di
840 763 859 809 c
894 737 1029 812 ciuitate
1060 734 1115 811 dei
1153 759 1172 809 o
1255 735 1375 834 perclo
1427 761 1433 774 ‘

140 861 148 868 ·
474 836 641 911 rismum.
678 830 765 908 birris
790 831 890 932 sacre
923 835 1144 934 pogiarepsr
1170 830 1283 910 oribus
1313 835 1373 910 exi

473 934 551 1029 mijs
585 929 623 1004 id
653 931 920 1030 commeantibuſs
951 931 1095 1008 rubricis
1128 929 1288 1030 tobnloqg
1320 928 1385 1029 slis
1433 961 1451 982 κ

420 1093 423 1100 .
474 1029 597 1104 crotoni
627 1022 740 1128 bcelfis
766 1031 802 1104 io
830 1027 910 1106 urbe
928 1031 1100 1132 ‘Bostliest
1130 1033 1283 1128 portium
1305 1029 1375 1126 alre

474 1129 594 1204 morsis.
626 1152 724 1224 qssum
751 1137 794 1202 no
813 1126 925 1227 stolam
949 1132 1036 1204 aeris
1058 1130 1227 1203 clementio
1252 1126 1294 1205 ss
1309 1128 1370 1224 set
1403 1173 1411 1180 ·

473 1231 584 1323 tilitas
616 1235 697 1330 ogei
730 1259 833 1330 ueru3
874 1237 942 1310 ctio
976 1235 1165 1334 imperantis
1194 1230 1396 1330 subtilitas

441 1377 444 1384 ·
474 1329 587 1422 reddit
606 1331 835 1433 formosissimo.
894 1331 1060 1408 odlandi
1090 1333 1253 1436 trinitatisr
1282 1328 1371 1406 inde>

471 1427 571 1524 nidor
588 1428 737 1504 deitatis
765 1428 820 1504 dri
854 1425 969 1530 bstdis.
1006 1431 1142 1528 ingenio,
1166 1427 1208 1506 ss
1235 1427 1376 1530 idustsio

472 1523 659 1602 lllllolelis
693 1525 876 1626 Wensrler,
907 1537 924 1564 ·“
962 1526 1075 1607 ,Anao
1106 1526 1233 1626 solutis
1270 1531 1374 1628 aoflre
1531 1543 1535 1553 “

468 1629 542 1727 posi
556 1625 611 1700 M.
625 1636 664 1700 et.
682 1651 763 1702 cccc.
780 1623 921 1701 Lxxr‘x.
949 1627 1021 1724 viij.
1041 1626 1085 1703 ll.
1108 1623 1230 1726 aprilis
1249 1621 1367 1726 operes

155 1809 162 1825 ι
460 1719 500 1819 se
524 1722 853 1823 eslcorssummolum.

114 1807 188 1887 His
214 1829 361 1910 quoque
382 1811 536 1915 subjeaa
554 1820 636 1898 sunt
653 1823 775 1899 denuo
802 1823 1025 1922 typographi
1048 1819 1221 1918 insignia,
1248 1822 1359 1898 rubro
1386 1815 1548 1916 expressa
1568 1817 1703 1897 colore.

8 2075 9 2084 ‘
111 2059 198 2156 IV.
235 2061 426 2150 Cononis
443 2061 685 2152 Aviceonae
702 2061 829 2152 Libri
848 2059 911 2154 V.
937 2061 1092 2158 Paduae
1113 2089 1226 2170 anno
1248 2089 1373 2194 ¹479·
1402 2063 1728 2180 inFo'l.1uagn.

284 2253 385 2356 Opus
407 2255 499 2333 illud
519 2258 558 2334 in
582 2259 723 2336 duabus
743 2257 925 2334 colummis
952 2261 1102 2356 gothico
1132 2259 1339 2337 cbaraltere
1362 2255 1567 2334 firmillnnae
1587 2259 1727 2351 chartae

114 2357 304 2451 eleganter
336 2354 543 2452 impressum
572 2357 633 2431 eli.
710 2358 811 2431 Libri
840 2355 968 2452 singuli
1003 2359 1177 2456 praefixos
1218 2361 1355 2434 habent
1383 2358 1542 2441 indicae,
1569 2373 1726 2453 excepto

113 2459 268 2551 quinto,
296 2456 356 2528 cui
382 2454 494 2530 index
511 2453 561 2528 est
583 2451 799 2550 subjunstus
850 2451 911 2528 Ad
939 2454 1075 2530 calcem
1101 2459 1212 2532 trium
1235 2457 1398 2554 priorum
1420 2455 1594 2529 librorum
1619 2470 1726 2530 nota·

114 2567 177 2628 tur
200 2561 320 2628 annus
347 2551 467 2642 (idem
486 2551 656 2646 omnibus
681 2553 889 2627 communis
920 2578 935 2628 1
965 2559 1050 2652 79.)
1071 2557 1151 2630 dies
1166 2555 1203 2632 dt
1218 2555 1322 2630 locas
1345 2551 1594 2648 impressionis.
1646 2553 1725 2628 Pri·

8 2675 9 2678 ’
114 2651 198 2725 mu's
226 2651 317 2724 liber
338 2648 388 2724 est
409 2648 579 2823 sml'ffflb
593 2691 610 2706 ·
620 2651 766 2748 patarei.
789 2649 893 2725 Anno
971 2654 1042 2751 sisti
1065 2654 1191 2750 optimi.
1223 2651 1280 2727 M.
1300 2647 1510 2725 cccsLxxix.
1541 2653 1630 2748 xiirfs'.
1653 2650 1725 2725 blbr

105 2743 312 2848 septembris.
363 2746 473 2822 Liber
507 2749 671 2823 ecundus
687 2785 728 2804 ·-
761 2749 806 2824 ai.
821 2745 980 2823 kalendas
997 2747 1207 2848 Septembris.
1261 2750 1369 2824 Liber
1383 2749 1515 2823 tertius
1535 2789 1574 2807 ·-
1600 2751 1645 2823 oi.
1666 2747 1725 2822 bo·

113 2846 232 2923 lendes
261 2841 457 2920 novembris.
529 2846 630 2921 Libri
648 2860 801 2942 quartus
825 2851 862 2923 lt
888 2849 1037 2942 quintus
1061 2863 1189 2924 carent
1210 2849 1317 2934 anni,
1343 2845 1436 2930 diei,
1465 2846 1501 2922 dt
1528 2846 1602 2922 loci
1623 2861 1721 2922 nota.

8 3007 9 3012 ,
113 2945 227 3022 Libro
248 2957 373 3020 autem
396 2945 525 3040 quinto
548 2967 715 3018 annexus
738 2943 788 3018 est
811 2943 954 3018 libellus
977 2941 1181 3022 Avicennae
1202 2947 1248 3020 de
1264 2946 1403 3020 viribus
1426 2943 1569 3037 cordis,
1596 2947 1657 3042 qui
1673 2945 1723 3020 est

9 3097 10 3100 κ
114 3039 445 3142 ImprcffilsPolosa'j
458 3041 562 3117 Aemo
580 3040 701 3140 Clrlsli
713 3043 839 3140 optimi.
868 3040 1153 3118 M⁰ccchxssix.
1170 3043 1281 3116 oblouo
1304 3041 1380 3115 idus
1403 3037 1564 3115 nooebris.
1612 3043 1723 3117 Hunc

8 3159 10 3164 ’
113 3140 279 3216 libellum
301 3140 414 3214 index
436 3141 576 3238 excipit
596 3141 634 3213 in
661 3139 792 3216 librum
819 3141 1000 3236 quintum.
1050 3139 1187 3216 Desunt
1209 3141 1250 3215 in
1270 3141 1339 3214 hac
1361 3139 1523 3215 editione
1543 3137 1721 3225 custodes,

8 3323 10 3338 ‚
114 3237 151 3314 ds
165 3238 383 3334 paginarum
397 3239 558 3325 numeri,
582 3239 853 3335 earundemque
867 3239 1131 3335 inscriptiones,
1184 3238 1353 3324 Orlandi,
1377 3235 1583 3323 Mainake,
1606 3236 1742 3320 Ham,

8 3345 10 3350 ’
113 3336 262 3507 berger,
286 3336 325 3412 dt
346 3336 392 3409 de
415 3335 533 3448 Bure,
562 3337 624 3432 qui
646 3335 770 3432 plures
799 3335 986 3414 recensent
1011 3334 1121 3436 hujus
1147 3336 1269 3436 operis
1294 3333 1510 3420 editioness
1527 3334 1639 3410 modo
1666 3348 1725 3412 re·

8 3441 25 3462 ’·
114 3456 181 3510 cen
196 3449 260 3509 itae
284 3457 360 3508 non
383 3449 639 3512 memmerunt.

9 3589 10 3594 Ν
114 3651 175 3746 V.
205 3651 386 3744 Alberti
413 3651 575 3766 Magni
613 3650 745 3742 Libri·
771 3645 941 3743 lxvi.
981 3655 1037 3742 de
1072 3651 1369 3744 Animalibus.
1405 3602 1618 3742 *Mantua
1645 3661 1724 3770 per
1784 3616 1787 3622 ,

231 3765 409 3857 Paulum
428 3767 580 3882 Joban.
611 3771 666 3856 de
694 3765 976 3870 liutschbach.
1008 3793 1132 3883 1479.
1159 3769 1203 3855 in
1226 3765 1265 3854 F
1269 3769 1330 3861 ol.
1354 3791 1495 3878 magn.

281 3961 466 4040 Praemisso
487 3964 537 4038 est
557 3963 700 4046 tabula,
730 3963 790 4039 seu
811 3965 922 4040 index
941 3963 1163 4060 fingulorum
1186 3945 1350 4060 cujisvis
1364 3961 1500 4038 'ordine
1519 3960 1603 4036 libri
1618 3966 1725 4059 capi·

117 4075 213 4148 tum,
241 4061 341 4136 soliis
364 4078 521 4157 quatuor
545 4059 837 4155 comprehensus.
915 4062 944 4136 F
945 4063 1019 4137 olio
1039 4063 1173 4168 quinto
1197 4059 1322 4158 Incipit
1342 4058 1426 4136 liber
1446 4057 1584 4134 eilberti
1609 4063 1725 4156 magni

114 4160 458 4256 animalium.primus
479 4167 508 4251 il
533 4163 573 4257 esi
598 4158 638 4230 dr
661 4161 791 4230 corasius
811 4158 1000 4257 diurrfitolr
1018 4159 1158 4236 oiols'um
1179 4159 1249 4234 dcc.
1301 4159 1466 4255 Singulae
1483 4159 1627 4255 paginae
1643 4157 1723 4231 sunt

113 4259 152 4334 in
178 4261 271 4332 duas
292 4257 481 4334 columnas
503 4255 687 4332 distinere
753 4255 950 4331 Cbaratier
969 4257 1019 4331 est
1038 4257 1209 4353 gothicus
1233 4255 1335 4354 justae
1359 4253 1623 4350 magnitudinis
1641 4275 1724 4350 per·

114 4357 277 4452 elegans
323 4355 460 4430 Desunt
488 4355 650 4432 initiales
669 4355 824 4438 litterae,
846 4351 1115 4452 (plerumque)
1142 4354 1327 4438 custodes,
1354 4356 1568 4450 paginarum
1595 4373 1723 4428 nume·
1851 4441 1855 4454 ,

113 4455 156 4528 ri.
213 4454 433 4566 Signaturas
455 4453 709 4624 typographus
741 4449 885 4563 adjecit.
940 4453 1079 4528 Charta
1098 4451 1148 4527 est
1174 4452 1280 4548 plane
1306 4447 1518 4563 firmissima,
1553 4447 1653 4562 albat,
1684 4449 1724 4528 dt

17 4610 22 4623 .
110 4551 270 4640 munda,
297 4550 529 4648 amplissimos
581 4551 694 4625 abens
720 4571 915 4646 margines.
963 4547 1025 4626 Ad
1045 4548 1184 4626 calcem
1208 4549 1407 4627 volumnus
1430 4545 1515 4623 satis
1538 4547 1649 4643 ampli
1672 4547 1724 4625 le·
1804 4559 1831 4636 ‘⁴

1579 4668 1672 4742 8¹1ss-
