3790 5030
0 468 1 471 κ
158 422 349 490 tentorum
370 403 597 485 brevimmus
621 403 822 498 catalogus.
898 400 1001 478 Folia
1028 371 1190 501 quisque
1216 399 1408 502 sequentia
1431 405 1596 484 indicem
1624 409 1791 508 comple·

159 509 304 592 &untur
327 506 491 602 capitum
513 501 679 578 omnium
703 515 860 598 quatuor
885 497 1062 578 librorum
1086 501 1228 597 gratiae.
1279 503 1397 579 Porro
1421 527 1487 580 cur
1509 507 1641 603 gratiae
1668 511 1794 585 nomi·

159 633 207 684 ne
233 603 393 702 instgniti
418 603 557 678 fuerint
579 601 618 675 hi
641 600 744 688 libri,
769 623 816 674 ex
842 577 990 674 illorum
1011 611 1230 694 argumento
1252 599 1362 678 sacile
1388 601 1621 698 intelligitur.
1647 601 1793 682 Auster

77 731 80 739 ·
160 705 280 787 enim,
315 701 452 798 triplici
479 698 620 796 speculo
653 698 700 774 ab
726 697 761 774 se
791 696 911 794 edito,
934 695 1113 782 naturali,
1137 696 1347 784 dostrinali,
1371 699 1409 778 &
1436 699 1627 777 Historiali
1652 701 1795 779 notissi-

163 823 267 884 mus,
290 801 340 875 in
354 801 486 896 primo·
499 797 592 873 libro
613 797 692 894 agit
712 795 759 871 de
782 807 922 870 aeterua
944 815 1069 892 aeque,
1096 816 1140 868 ac
1162 797 1358 894 temporati
1379 796 1514 874 Christi
1530 800 1795 898 generatione:

163 905 202 975 in
233 899 302 974 ndo
325 897 371 974 de
392 895 559 1069 ee'susdem
574 893 849 976 incarnatione,
875 889 913 967 δι
938 892 1036 968 inter
1053 891 1225 969 homines
1251 893 1549 974 conversatione:
1579 898 1618 972 in
1643 898 1723 994 gtio
1746 899 1799 973 de

1 1027 2 1066 r
162 997 329 1094 ejusdem
353 995 406 1072 Pa
431 1017 533 1068 rone:
561 993 600 1068 in
622 1005 687 1106 4to
712 991 861 1066 demum
881 988 927 1063 de
943 988 1111 1088 ejusdem
1134 987 1428 1078 Resurrestione,
1461 993 1500 1070 dc
1523 993 1646 1070 Santli
1670 995 1797 1092 Spiri-

162 1109 225 1172 tus
248 1090 420 1170 missrone.
473 1083 598 1188 Atque
622 1091 662 1165 ht
687 1087 836 1185 quidem
857 1082 960 1173 libri,
983 1099 1027 1164 ut
1047 1085 1225 1164 tradatus
1246 1103 1404 1185 quatuor
1422 1088 1614 1186 sequentes
1634 1093 1795 1188 gothico

96 1205 102 1218 ’
163 1189 370 1268 charasiere
406 1184 696 1288 pereleganti&
720 1183 907 1260 luculento
932 1185 971 1258 in
994 1186 1136 1260 duabus
1160 1186 1342 1262 columnis
1377 1186 1517 1266 chartae
1554 1187 1792 1276 firmiffimae,

163 1289 247 1364 satis
270 1286 363 1367 albae
386 1300 531 1370 tamen,
555 1285 594 1364 δι
620 1285 765 1382 politae,
799 1279 954 1378 impressi
976 1282 1067 1358 sunt.
1135 1283 1274 1359 Desunt
1294 1283 1484 1374 custodes,
1509 1287 1797 1386 &paginarum

161 1387 317 1462 numeri.
369 1385 445 1462 Sed
466 1384 612 1461 litteras
632 1379 794 1458 initiales
823 1401 977 1474 parvas,
1005 1379 1230 1475 srgnaturas,
1261 1405 1305 1457 ac
1358 1382 1551 1477 aginarum
1582 1385 1795 1480 inscriptio-

163 1480 308 1569 nes,'e.
329 1506 365 1580 g.
387 1481 492 1560 Liber
519 1480 690 1582 Quartus,
720 1476 765 1552 sc.
790 1477 949 1564 Gratiae,
977 1475 1115 1554 Laudes
1145 1478 1323 1576 Uirginisr
1375 1483 1446 1554 orie
1471 1482 1543 1559 &c
1574 1481 1647 1580 ipse
1672 1495 1793 1580 typo·

168 1604 234 1674 gra
261 1581 331 1656 hus
352 1579 498 1681 adjecit.
552 1575 594 1656 ln
608 1577 682 1662 fine
697 1573 874 1654 trastatus
902 1575 947 1652 de
970 1575 1009 1652 S.
1026 1573 1192 1676 johanne
1219 1562 1454 1675 Evangelisla
1473 1579 1610 1678 legitur
1633 1579 1794 1678 sequens

167 1603 396 1778 subsbriptio:
760 1770 803 1788 ..
867 1770 874 1787 α

720 1768 817 1848 Frnrt
848 1766 930 1846 seber
955 1767 996 1846 de
1016 1768 1132 1870 anllo
1152 1767 1229 1876 Jo-

714 1866 823 1944 banne
843 1869 1052 1970 euangelista.

128 2038 131 2046 ,
786 1965 849 2042 Do
873 1969 1018 2064 gloriam
1042 1963 1113 2043 deo.
1427 2026 1432 2036 .
1670 2009 1678 2018 -

170 2069 213 2143 In
240 2064 313 2144 sine
334 2088 424 2144 vero
446 2063 667 2150 voluminis,
698 2063 758 2140 seu
779 2064 954 2140 tractatus
979 2067 1026 2141 de
1047 2063 1294 2142 consolatione
1318 2062 1423 2161 super
1448 2073 1569 2162 morte
1597 2062 1706 2142 amici
1733 2067 1793 2142 le·

169 2181 306 2260 guntur
347 2164 511 2240 carmina
544 2165 585 2239 in
617 2163 764 2237 laudem
795 2162 1086 2256 praecedentium
1117 2185 1289 2260 operum,
1321 2174 1432 2262 atque
1464 2159 1575 2262 hujus
1601 2165 1795 2244 editionis.

168 2263 255 2340 Tria
273 2261 454 2362 postrema
473 2260 625 2340 disticha
650 2257 833 2336 recitabo:

523 2357 663 2456 Perlege
687 2353 808 2434 diuino
838 2358 963 2454 vntriqg
988 2354 1159 2433 volumina
1181 2353 1298 2432 ledor:

625 2454 676 2532 Ee
694 2453 797 2556 fimus
821 2450 881 2528 boc
903 2457 996 2555 nofl4
1022 2451 1263 2531 concelebrobir
1292 2480 1384 2552 opus.

529 2551 709 2654 Ingenium
741 2551 888 2650 moresq3
912 2555 982 2626 nire·
1053 2555 1166 2628 coris
1187 2551 1228 2629 ss
1250 2565 1373 2644 ortem:
1463 2614 1466 2623 .

624 2649 737 2749 Regio
760 2645 932 2724 cdmnedor
955 2577 1052 2725 cess
1095 2650 1196 2726 nesea
1211 2647 1310 2748 sotis.

535 2747 592 2826 De
620 2745 812 2849 Ameebocsr
834 2758 935 2822 noros
955 2773 1069 2823 nomen
1112 2744 1158 2823 rbi
1201 2759 1270 2821 orte
1295 2743 1476 2851 Josednes:

632 2845 749 2922 Finem
773 2846 865 2944 operi
891 2845 1064 2946 imposuit:
1084 2843 1163 2921 dnm
1178 2849 1239 2944 pio
1262 2849 1358 2943 uirgo
1376 2846 1480 2942 parit.
1549 2899 1551 2909 ,

476 2935 578 3016 Idibo
609 2939 779 3019 decrerim
804 2940 911 3017 Anno
942 2942 1111 3046 nClrr'fli
1138 2944 1249 3019 natali
1279 2940 1334 3026 die
1370 2941 1487 3020 Onne
1571 3029 1575 3042 ¹
1718 2965 1723 2974 ·

403 3111 409 3122 Α,
474 3041 595 3140 gestmo
620 3039 696 3142 pineo
708 3040 817 3140 supro
840 3039 1006 3141 missestmei
1032 3055 1192 3139 quaterqg
1215 3042 1395 3142 censefinni.

582 3175 585 3186 ²
795 3137 888 3215 Bene
925 3137 1012 3216 Uale
1043 3137 1176 3215 Lebsor.

181 3236 223 3308 ln
248 3233 367 3331 prima
392 3227 472 3308 folii
499 3231 682 3312 senentis
710 3233 832 3312 ultimi
861 3237 996 3331 pagina
1024 3236 1191 3335 impressa
1219 3236 1268 3314 est
1297 3234 1442 3325 tabula,
1465 3227 1577 3336 eujus
1599 3255 1804 3333 argtrmen·

185 3345 265 3407 tum
286 3329 452 3427 pandunt
472 3257 597 3410 verlus
623 3334 744 3408 eidem
768 3331 928 3428 praefixi:
1217 3356 1221 3364 ’
1480 3385 1485 3392 ,

502 3451 512 3474 ²
538 3427 588 3506 Ue
605 3430 719 3506 naseos
746 3431 844 3508 citios
861 3427 987 3504 clarete
1006 3434 1180 3529 conjugere
1203 3429 1340 3507 clareas
1377 3497 1386 3508 .

530 3525 607 3628 Hpc
625 3526 689 3606 tibi
709 3525 901 3632 monstrabit
924 3524 1041 3606 tobosa
1067 3552 1131 3628 qna
1146 3528 1310 3629 sequitur.

183 3763 324 3859 XXII.
363 3763 502 3872 Liber
534 3766 678 3861 sextus
720 3767 1023 3860 Decretalium
1048 3793 1149 3860 cum
1180 3775 1414 3888 Apparatu
1454 3693 1670 3887 Johannis
1701 3765 1802 3856 An·

298 3883 424 3974 dreae.
475 3884 609 4002 Spirae
634 3911 713 4004 per
738 3883 913 3976 Petrum
936 3881 1101 3982 Drach,
1133 3886 1336 4026 rancis
1360 3883 1466 3974 Fol.
1560 4011 1567 4035 ,

306 4172 311 4180 .
345 4103 489 4184 Textus
517 4103 589 4204 ipse
619 4104 669 4182 est
728 4107 853 4185 othico
889 4106 1096 4190 charasiere
1127 4105 1281 4208 majori,
1322 4093 1511 4182 luculento
1540 4101 1741 4180 admodum
1766 4100 1812 4180 dc

189 4204 337 4304 pingui,
369 4227 488 4300 eoque
522 4205 683 4302 eleganti
708 4229 782 4280 rmo
816 4207 856 4283 iu
889 4207 1031 4300 duabus
1074 4207 1256 4284 columnis
1292 4201 1504 4302 impressus,
1535 4199 1810 4282 commentaria

192 4325 280 4376 vero
307 4324 390 4400 quae
412 4315 601 4379 extremos
629 4316 786 4400 quatuor
807 4304 993 4399 margines
1017 4316 1218 4401 occupant,
1249 4301 1456 4379 charadere
1480 4323 1555 4374 non
1584 4299 1815 4388 minuse1e7

193 4400 296 4490 ganti
324 4399 496 4495 gothico,
521 4423 638 4498 eoque
658 4401 858 4476 admodum
878 4402 1022 4476 minuto
1044 4401 1210 4497 impressa
1227 4401 1320 4476 sunt.
1394 4395 1532 4474 Desunt
1550 4397 1714 4472 initiales
1738 4395 1807 4468 lit·

153 4557 157 4564 .
192 4505 302 4582 terat,
332 4497 520 4586 custodes,
548 4499 713 4588 numeri.
738 4497 1056 4598 &inscriptiones
1082 4499 1317 4598 paginarum:
1345 4497 1406 4575 hae
1425 4517 1515 4573 veno
1535 4489 1815 4668 signaglemsunt.
