<?xml version="1.0" encoding="UTF-8"?>
<!DOCTYPE html PUBLIC "-//W3C//DTD XHTML 1.0 Transitional//EN"
    "http://www.w3.org/TR/xhtml1/DTD/xhtml1-transitional.dtd">
<html xmlns="http://www.w3.org/1999/xhtml" xml:lang="en" lang="en">
 <head>
  <title>
</title>
<meta http-equiv="Content-Type" content="text/html;charset=utf-8" />
  <meta name='ocr-system' content='tesseract 3.04.00' />
  <meta name='ocr-capabilities' content='ocr_page ocr_carea ocr_par ocr_line ocrx_word'/>
</head>
<body>
  <div class='ocr_page' id='page_1' title='image "./bibliothecacade01seemgoog_0014.png"; bbox 0 0 3788 5034; ppageno 0'>
   <div class='ocr_carea' id='block_1_1' title="bbox 15 4453 17 4548">
    <p class='ocr_par' dir='ltr' id='par_1_1' title="bbox 15 4453 17 4548">
     <span class='ocr_line' id='line_1_1' title="bbox 15 4453 17 4548; baseline 0 0"><span class='ocrx_word' id='word_1_1' title='bbox 15 4453 17 4548; x_wconf 75' lang='lat' dir='ltr'><strong>i</strong></span> 
     </span>
    </p>
   </div>
   <div class='ocr_carea' id='block_1_2' title="bbox 293 174 1434 380">
    <p class='ocr_par' dir='ltr' id='par_1_2' title="bbox 293 174 1434 380">
     <span class='ocr_line' id='line_1_2' title="bbox 293 174 1434 380; baseline 0.004 -43"><span class='ocrx_word' id='word_1_2' title='bbox 293 174 1434 380; x_wconf 68' lang='lat' dir='ltr'><strong>‘eumunrto</strong></span> 
     </span>
    </p>
   </div>
   <div class='ocr_carea' id='block_1_3' title="bbox 126 1118 1730 1481">
    <p class='ocr_par' dir='ltr' id='par_1_3' title="bbox 126 1118 1730 1481">
     <span class='ocr_line' id='line_1_3' title="bbox 131 1118 1728 1358; baseline 0.016 -44"><span class='ocrx_word' id='word_1_3' title='bbox 131 1118 381 1336; x_wconf 75' lang='lat' dir='ltr'><strong>cognitio</strong></span> <span class='ocrx_word' id='word_1_4' title='bbox 407 1223 665 1334; x_wconf 85' lang='lat' dir='ltr'><strong>Libronmt,</strong></span> <span class='ocrx_word' id='word_1_5' title='bbox 704 1221 780 1342; x_wconf 90' lang='lat' dir='ltr'><strong>qui</strong></span> <span class='ocrx_word' id='word_1_6' title='bbox 807 1219 881 1318; x_wconf 90' lang='lat' dir='ltr'><strong>sub</strong></span> <span class='ocrx_word' id='word_1_7' title='bbox 906 1225 1031 1320; x_wconf 87' lang='lat' dir='ltr'><strong>initia</strong></span> <span class='ocrx_word' id='word_1_8' title='bbox 1053 1209 1156 1320; x_wconf 90' lang='lat' dir='ltr'><strong>artis</strong></span> <span class='ocrx_word' id='word_1_9' title='bbox 1182 1236 1510 1351; x_wconf 82' lang='lat' dir='ltr'><strong>typographice</strong></span> <span class='ocrx_word' id='word_1_10' title='bbox 1531 1241 1728 1358; x_wconf 83' lang='lat' dir='ltr'><strong>ejusdem</strong></span> 
     </span>
     <span class='ocr_line' id='line_1_4' title="bbox 126 1359 1730 1481; baseline 0.013 -25"><span class='ocrx_word' id='word_1_11' title='bbox 126 1364 340 1456; x_wconf 91' lang='lat' dir='ltr'><strong>beneficio</strong></span> <span class='ocrx_word' id='word_1_12' title='bbox 366 1359 460 1454; x_wconf 90' lang='lat' dir='ltr'><strong>sunt</strong></span> <span class='ocrx_word' id='word_1_13' title='bbox 486 1361 596 1452; x_wconf 88' lang='lat' dir='ltr'><strong>editi</strong></span> <span class='ocrx_word' id='word_1_14' title='bbox 623 1361 669 1449; x_wconf 94' lang='lat' dir='ltr'><strong>in</strong></span> <span class='ocrx_word' id='word_1_15' title='bbox 693 1364 861 1468; x_wconf 87' lang='lat' dir='ltr'><strong>lucem,</strong></span> <span class='ocrx_word' id='word_1_16' title='bbox 902 1366 1136 1481; x_wconf 84' lang='lat' dir='ltr'><strong>multiplici</strong></span> <span class='ocrx_word' id='word_1_17' title='bbox 1167 1363 1254 1460; x_wconf 82' lang='lat' dir='ltr'><strong>ieie</strong></span> <span class='ocrx_word' id='word_1_18' title='bbox 1286 1371 1476 1465; x_wconf 88' lang='lat' dir='ltr'><strong>utilitate</strong></span> <span class='ocrx_word' id='word_1_19' title='bbox 1509 1405 1730 1476; x_wconf 87' lang='lat' dir='ltr'><strong>commeo·</strong></span> 
     </span>
    </p>
   </div>
   <div class='ocr_carea' id='block_1_4' title="bbox 15 1492 1731 1628">
    <p class='ocr_par' dir='ltr' id='par_1_4' title="bbox 15 1492 1731 1628">
     <span class='ocr_line' id='line_1_5' title="bbox 15 1492 1731 1628; baseline 0.034 -71"><span class='ocrx_word' id='word_1_20' title='bbox 15 1493 16 1496; x_wconf 63' lang='lat'>‘</span> <span class='ocrx_word' id='word_1_21' title='bbox 127 1501 209 1592; x_wconf 57' lang='lat' dir='ltr'><strong>gat,</strong></span> <span class='ocrx_word' id='word_1_22' title='bbox 281 1495 428 1588; x_wconf 86' lang='lat' dir='ltr'><strong>Primo</strong></span> <span class='ocrx_word' id='word_1_23' title='bbox 454 1496 572 1586; x_wconf 87' lang='lat' dir='ltr'><strong>euim</strong></span> <span class='ocrx_word' id='word_1_24' title='bbox 598 1492 729 1587; x_wconf 87' lang='lat' dir='ltr'><strong>servit</strong></span> <span class='ocrx_word' id='word_1_25' title='bbox 758 1500 813 1588; x_wconf 89' lang='lat' dir='ltr'><strong>ad</strong></span> <span class='ocrx_word' id='word_1_26' title='bbox 840 1499 1107 1592; x_wconf 86' lang='lat' dir='ltr'><strong>illustrandas</strong></span> <span class='ocrx_word' id='word_1_27' title='bbox 1141 1503 1298 1594; x_wconf 76' lang='lat' dir='ltr'><strong>divine</strong></span> <span class='ocrx_word' id='word_1_28' title='bbox 1329 1508 1432 1596; x_wconf 88' lang='lat' dir='ltr'><strong>artis</strong></span> <span class='ocrx_word' id='word_1_29' title='bbox 1464 1514 1652 1628; x_wconf 83' lang='lat' dir='ltr'><strong>origines</strong></span> <span class='ocrx_word' id='word_1_30' title='bbox 1684 1523 1731 1616; x_wconf 72' lang='lat' dir='ltr'><strong>ic</strong></span> 
     </span>
    </p>
   </div>
   <div class='ocr_carea' id='block_1_5' title="bbox 124 1631 1730 2181">
    <p class='ocr_par' dir='ltr' id='par_1_5' title="bbox 124 1631 1730 2181">
     <span class='ocr_line' id='line_1_6' title="bbox 126 1631 1730 1754; baseline 0.008 -28"><span class='ocrx_word' id='word_1_31' title='bbox 126 1632 385 1754; x_wconf 83' lang='lat' dir='ltr'><strong>progreiius,</strong></span> <span class='ocrx_word' id='word_1_32' title='bbox 411 1634 487 1725; x_wconf 90' lang='lat' dir='ltr'><strong>vel</strong></span> <span class='ocrx_word' id='word_1_33' title='bbox 507 1632 643 1723; x_wconf 88' lang='lat' dir='ltr'><strong>hodie</strong></span> <span class='ocrx_word' id='word_1_34' title='bbox 658 1631 798 1724; x_wconf 88' lang='lat' dir='ltr'><strong>adhuc</strong></span> <span class='ocrx_word' id='word_1_35' title='bbox 819 1633 963 1751; x_wconf 87' lang='lat' dir='ltr'><strong>paffim</strong></span> <span class='ocrx_word' id='word_1_36' title='bbox 984 1639 1177 1730; x_wconf 89' lang='lat' dir='ltr'><strong>tenebris</strong></span> <span class='ocrx_word' id='word_1_37' title='bbox 1201 1638 1395 1733; x_wconf 88' lang='lat' dir='ltr'><strong>obfusos.</strong></span> <span class='ocrx_word' id='word_1_38' title='bbox 1453 1644 1598 1752; x_wconf 80' lang='lat' dir='ltr'><strong>Quem</strong></span> <span class='ocrx_word' id='word_1_39' title='bbox 1621 1683 1730 1752; x_wconf 76' lang='lat' dir='ltr'><strong>vero</strong></span> 
     </span>
     <span class='ocr_line' id='line_1_7' title="bbox 126 1767 1729 1892; baseline 0.016 -30"><span class='ocrx_word' id='word_1_40' title='bbox 126 1771 388 1885; x_wconf 79' lang='lat' dir='ltr'><strong>(Germanic</strong></span> <span class='ocrx_word' id='word_1_41' title='bbox 409 1767 670 1887; x_wconf 88' lang='lat' dir='ltr'><strong>potiffimum</strong></span> <span class='ocrx_word' id='word_1_42' title='bbox 701 1769 824 1862; x_wconf 83' lang='lat' dir='ltr'><strong>cives</strong></span> <span class='ocrx_word' id='word_1_43' title='bbox 854 1773 1053 1888; x_wconf 86' lang='lat' dir='ltr'><strong>adpello)</strong></span> <span class='ocrx_word' id='word_1_44' title='bbox 1087 1776 1163 1865; x_wconf 77' lang='lat' dir='ltr'><strong>vei</strong></span> <span class='ocrx_word' id='word_1_45' title='bbox 1185 1775 1354 1892; x_wconf 79' lang='lat' dir='ltr'><strong>pigeat,</strong></span> <span class='ocrx_word' id='word_1_46' title='bbox 1394 1784 1729 1888; x_wconf 65' lang='lat' dir='ltr'><strong>verrentem</strong></span> 
     </span>
     <span class='ocr_line' id='line_1_8' title="bbox 126 1901 1729 2039; baseline 0.018 -44"><span class='ocrx_word' id='word_1_47' title='bbox 126 1903 211 1996; x_wconf 77' lang='lat' dir='ltr'><strong>uer</strong></span> <span class='ocrx_word' id='word_1_48' title='bbox 231 1929 525 2022; x_wconf 87' lang='lat' dir='ltr'><strong>magnopere,</strong></span> <span class='ocrx_word' id='word_1_49' title='bbox 552 1901 710 1998; x_wconf 83' lang='lat' dir='ltr'><strong>rescire</strong></span> <span class='ocrx_word' id='word_1_50' title='bbox 729 1908 1001 2016; x_wconf 88' lang='lat' dir='ltr'><strong>adcuratius,</strong></span> <span class='ocrx_word' id='word_1_51' title='bbox 1028 1910 1184 2024; x_wconf 92' lang='lat' dir='ltr'><strong>quibus</strong></span> <span class='ocrx_word' id='word_1_52' title='bbox 1208 1911 1637 2039; x_wconf 79' lang='lat' dir='ltr'><strong>demum-acceptum</strong></span> <span class='ocrx_word' id='word_1_53' title='bbox 1662 1959 1729 2024; x_wconf 93' lang='lat' dir='ltr'><strong>re·</strong></span> 
     </span>
     <span class='ocr_line' id='line_1_9' title="bbox 124 2039 1730 2181; baseline 0.006 -49"><span class='ocrx_word' id='word_1_54' title='bbox 124 2039 234 2136; x_wconf 85' lang='lat' dir='ltr'><strong>ferre</strong></span> <span class='ocrx_word' id='word_1_55' title='bbox 260 2061 488 2162; x_wconf 82' lang='lat' dir='ltr'><strong>oporteat,</strong></span> <span class='ocrx_word' id='word_1_56' title='bbox 530 2041 675 2159; x_wconf 81' lang='lat' dir='ltr'><strong>&amp;per</strong></span> <span class='ocrx_word' id='word_1_57' title='bbox 706 2069 818 2162; x_wconf 90' lang='lat' dir='ltr'><strong>quos</strong></span> <span class='ocrx_word' id='word_1_58' title='bbox 847 2041 1128 2136; x_wconf 81' lang='lat' dir='ltr'><strong>transmiffum</strong></span> <span class='ocrx_word' id='word_1_59' title='bbox 1149 2045 1283 2140; x_wconf 75' lang='lat' dir='ltr'><strong>fuant</strong></span> <span class='ocrx_word' id='word_1_60' title='bbox 1309 2052 1365 2141; x_wconf 90' lang='lat' dir='ltr'><strong>ad</strong></span> <span class='ocrx_word' id='word_1_61' title='bbox 1397 2056 1594 2169; x_wconf 88' lang='lat' dir='ltr'><strong>posteros</strong></span> <span class='ocrx_word' id='word_1_62' title='bbox 1625 2092 1730 2181; x_wconf 73' lang='lat' dir='ltr'><strong>prae.</strong></span> 
     </span>
    </p>
   </div>
   <div class='ocr_carea' id='block_1_6' title="bbox 15 2181 1729 2316">
    <p class='ocr_par' dir='ltr' id='par_1_6' title="bbox 15 2181 1729 2316">
     <span class='ocr_line' id='line_1_10' title="bbox 15 2181 1729 2316; baseline 0.013 -42"><span class='ocrx_word' id='word_1_63' title='bbox 15 2297 16 2310; x_wconf 13' lang='grc' dir='ltr'><strong><em>Ν</em></strong></span> <span class='ocrx_word' id='word_1_64' title='bbox 124 2188 282 2276; x_wconf 89' lang='lat' dir='ltr'><strong>clarum</strong></span> <span class='ocrx_word' id='word_1_65' title='bbox 306 2182 416 2271; x_wconf 89' lang='lat' dir='ltr'><strong>iliud</strong></span> <span class='ocrx_word' id='word_1_66' title='bbox 434 2181 685 2286; x_wconf 87' lang='lat' dir='ltr'><strong>inventum,</strong></span> <span class='ocrx_word' id='word_1_67' title='bbox 714 2203 769 2278; x_wconf 82' lang='lat' dir='ltr'><strong>ex</strong></span> <span class='ocrx_word' id='word_1_68' title='bbox 797 2205 885 2298; x_wconf 92' lang='lat' dir='ltr'><strong>quo</strong></span> <span class='ocrx_word' id='word_1_69' title='bbox 914 2199 985 2270; x_wconf 91' lang='lat' dir='ltr'><strong>tot</strong></span> <span class='ocrx_word' id='word_1_70' title='bbox 1012 2188 1248 2277; x_wconf 87' lang='lat' dir='ltr'><strong>commoda</strong></span> <span class='ocrx_word' id='word_1_71' title='bbox 1273 2187 1319 2278; x_wconf 91' lang='lat' dir='ltr'><strong>in</strong></span> <span class='ocrx_word' id='word_1_72' title='bbox 1336 2189 1577 2290; x_wconf 89' lang='lat' dir='ltr'><strong>universum</strong></span> <span class='ocrx_word' id='word_1_73' title='bbox 1592 2229 1729 2316; x_wconf 89' lang='lat' dir='ltr'><strong>genus</strong></span> 
     </span>
    </p>
   </div>
   <div class='ocr_carea' id='block_1_7' title="bbox 120 2316 1728 3818">
    <p class='ocr_par' dir='ltr' id='par_1_7' title="bbox 120 2316 1728 3818">
     <span class='ocr_line' id='line_1_11' title="bbox 124 2316 1728 2445; baseline 0.019 -41"><span class='ocrx_word' id='word_1_74' title='bbox 124 2316 352 2408; x_wconf 87' lang='lat' dir='ltr'><strong>humanum</strong></span> <span class='ocrx_word' id='word_1_75' title='bbox 376 2334 624 2432; x_wconf 87' lang='lat' dir='ltr'><strong>manarunt,</strong></span> <span class='ocrx_word' id='word_1_76' title='bbox 652 2316 699 2404; x_wconf 81' lang='grc' dir='ltr'><strong>δι</strong></span> <span class='ocrx_word' id='word_1_77' title='bbox 725 2334 843 2404; x_wconf 85' lang='lat' dir='ltr'><strong>tauta</strong></span> <span class='ocrx_word' id='word_1_78' title='bbox 867 2316 911 2404; x_wconf 92' lang='lat' dir='ltr'><strong>in</strong></span> <span class='ocrx_word' id='word_1_79' title='bbox 941 2319 1123 2432; x_wconf 86' lang='lat' dir='ltr'><strong>patriam</strong></span> <span class='ocrx_word' id='word_1_80' title='bbox 1143 2321 1328 2414; x_wconf 87' lang='lat' dir='ltr'><strong>nostram</strong></span> <span class='ocrx_word' id='word_1_81' title='bbox 1353 2326 1493 2440; x_wconf 89' lang='lat' dir='ltr'><strong>gloria</strong></span> <span class='ocrx_word' id='word_1_82' title='bbox 1514 2338 1728 2445; x_wconf 75' lang='lat' dir='ltr'><strong>redundo.</strong></span> 
     </span>
     <span class='ocr_line' id='line_1_12' title="bbox 125 2451 1728 2578; baseline 0.018 -31"><span class='ocrx_word' id='word_1_83' title='bbox 125 2458 215 2547; x_wconf 74' lang='lat' dir='ltr'><strong>vit?</strong></span> <span class='ocrx_word' id='word_1_84' title='bbox 250 2455 336 2546; x_wconf 85' lang='lat' dir='ltr'><strong>Per</strong></span> <span class='ocrx_word' id='word_1_85' title='bbox 365 2451 608 2542; x_wconf 87' lang='lat' dir='ltr'><strong>Germanos</strong></span> <span class='ocrx_word' id='word_1_86' title='bbox 637 2451 802 2569; x_wconf 85' lang='lat' dir='ltr'><strong>quippe</strong></span> <span class='ocrx_word' id='word_1_87' title='bbox 829 2452 1430 2572; x_wconf 59' lang='lat' dir='ltr'><strong>triumuirorum&amp;</strong></span> <span class='ocrx_word' id='word_1_88' title='bbox 1458 2489 1601 2568; x_wconf 88' lang='lat' dir='ltr'><strong>totum</strong></span> <span class='ocrx_word' id='word_1_89' title='bbox 1631 2475 1728 2578; x_wconf 89' lang='lat' dir='ltr'><strong>fere</strong></span> 
     </span>
     <span class='ocr_line' id='line_1_13' title="bbox 123 2584 1726 2734; baseline 0.014 -55"><span class='ocrx_word' id='word_1_90' title='bbox 123 2619 197 2708; x_wconf 90' lang='lat' dir='ltr'><strong>per</strong></span> <span class='ocrx_word' id='word_1_91' title='bbox 218 2591 373 2681; x_wconf 89' lang='lat' dir='ltr'><strong>orbem</strong></span> <span class='ocrx_word' id='word_1_92' title='bbox 393 2607 675 2704; x_wconf 76' lang='lat' dir='ltr'><strong>propagatam</strong></span> <span class='ocrx_word' id='word_1_93' title='bbox 705 2584 827 2674; x_wconf 83' lang='lat' dir='ltr'><strong>fuiiie</strong></span> <span class='ocrx_word' id='word_1_94' title='bbox 851 2608 988 2678; x_wconf 89' lang='lat' dir='ltr'><strong>artem</strong></span> <span class='ocrx_word' id='word_1_95' title='bbox 1014 2595 1396 2711; x_wconf 81' lang='lat' dir='ltr'><strong>typographicam,</strong></span> <span class='ocrx_word' id='word_1_96' title='bbox 1428 2629 1574 2719; x_wconf 88' lang='lat' dir='ltr'><strong>erunt,</strong></span> <span class='ocrx_word' id='word_1_97' title='bbox 1601 2640 1726 2734; x_wconf 85' lang='lat' dir='ltr'><strong>puto,</strong></span> 
     </span>
     <span class='ocr_line' id='line_1_14' title="bbox 122 2721 1726 2872; baseline 0.011 -58"><span class='ocrx_word' id='word_1_98' title='bbox 122 2727 252 2816; x_wconf 86' lang='lat' dir='ltr'><strong>hodie</strong></span> <span class='ocrx_word' id='word_1_99' title='bbox 278 2726 455 2846; x_wconf 82' lang='lat' dir='ltr'><strong>quidem</strong></span> <span class='ocrx_word' id='word_1_100' title='bbox 479 2721 739 2838; x_wconf 86' lang='lat' dir='ltr'><strong>pauciffimi,</strong></span> <span class='ocrx_word' id='word_1_101' title='bbox 768 2723 908 2840; x_wconf 91' lang='lat' dir='ltr'><strong>quiin</strong></span> <span class='ocrx_word' id='word_1_102' title='bbox 934 2729 1112 2820; x_wconf 91' lang='lat' dir='ltr'><strong>dubium</strong></span> <span class='ocrx_word' id='word_1_103' title='bbox 1132 2758 1297 2822; x_wconf 88' lang='lat' dir='ltr'><strong>vocare</strong></span> <span class='ocrx_word' id='word_1_104' title='bbox 1321 2737 1468 2830; x_wconf 86' lang='lat' dir='ltr'><strong>aufiut.</strong></span> <span class='ocrx_word' id='word_1_105' title='bbox 1527 2745 1631 2863; x_wconf 88' lang='lat' dir='ltr'><strong>Jure</strong></span> <span class='ocrx_word' id='word_1_106' title='bbox 1649 2755 1726 2872; x_wconf 79' lang='lat' dir='ltr'><strong>igi.</strong></span> 
     </span>
     <span class='ocr_line' id='line_1_15' title="bbox 121 2853 1726 2990; baseline 0.022 -40"><span class='ocrx_word' id='word_1_107' title='bbox 121 2883 185 2952; x_wconf 90' lang='lat' dir='ltr'><strong>tur</strong></span> <span class='ocrx_word' id='word_1_108' title='bbox 207 2865 254 2952; x_wconf 87' lang='lat' dir='ltr'><strong>id</strong></span> <span class='ocrx_word' id='word_1_109' title='bbox 288 2886 314 2950; x_wconf 98' lang='lat' dir='ltr'><strong>a</strong></span> <span class='ocrx_word' id='word_1_110' title='bbox 338 2861 468 2950; x_wconf 87' lang='lat' dir='ltr'><strong>nobis</strong></span> <span class='ocrx_word' id='word_1_111' title='bbox 492 2853 731 2976; x_wconf 83' lang='lat' dir='ltr'><strong>exposcunt</strong></span> <span class='ocrx_word' id='word_1_112' title='bbox 758 2856 948 2972; x_wconf 88' lang='lat' dir='ltr'><strong>majores</strong></span> <span class='ocrx_word' id='word_1_113' title='bbox 970 2863 1124 2972; x_wconf 85' lang='lat' dir='ltr'><strong>nostri,</strong></span> <span class='ocrx_word' id='word_1_114' title='bbox 1152 2868 1228 2985; x_wconf 94' lang='lat' dir='ltr'><strong>qui</strong></span> <span class='ocrx_word' id='word_1_115' title='bbox 1249 2870 1439 2966; x_wconf 86' lang='lat' dir='ltr'><strong>divinam</strong></span> <span class='ocrx_word' id='word_1_116' title='bbox 1455 2879 1566 2975; x_wconf 88' lang='lat' dir='ltr'><strong>hanc</strong></span> <span class='ocrx_word' id='word_1_117' title='bbox 1591 2912 1726 2990; x_wconf 91' lang='lat' dir='ltr'><strong>artem</strong></span> 
     </span>
     <span class='ocr_line' id='line_1_16' title="bbox 120 2995 1725 3136; baseline 0.02 -47"><span class='ocrx_word' id='word_1_118' title='bbox 120 3001 189 3089; x_wconf 87' lang='lat' dir='ltr'><strong>vel</strong></span> <span class='ocrx_word' id='word_1_119' title='bbox 207 2999 498 3100; x_wconf 87' lang='lat' dir='ltr'><strong>inuenerunt,</strong></span> <span class='ocrx_word' id='word_1_120' title='bbox 529 2995 604 3082; x_wconf 89' lang='lat' dir='ltr'><strong>vel</strong></span> <span class='ocrx_word' id='word_1_121' title='bbox 622 3015 939 3118; x_wconf 86' lang='lat' dir='ltr'><strong>propagarunt,</strong></span> <span class='ocrx_word' id='word_1_122' title='bbox 968 3017 1192 3092; x_wconf 91' lang='lat' dir='ltr'><strong>uteorum</strong></span> <span class='ocrx_word' id='word_1_123' title='bbox 1215 3011 1491 3123; x_wconf 87' lang='lat' dir='ltr'><strong>memoriam,</strong></span> <span class='ocrx_word' id='word_1_124' title='bbox 1518 3047 1725 3136; x_wconf 87' lang='lat' dir='ltr'><strong>quantum</strong></span> 
     </span>
     <span class='ocr_line' id='line_1_17' title="bbox 120 3128 1723 3281; baseline 0.015 -49"><span class='ocrx_word' id='word_1_125' title='bbox 120 3137 311 3232; x_wconf 82' lang='lat' dir='ltr'><strong>innobis</strong></span> <span class='ocrx_word' id='word_1_126' title='bbox 339 3135 420 3243; x_wconf 89' lang='lat' dir='ltr'><strong>cst,</strong></span> <span class='ocrx_word' id='word_1_127' title='bbox 462 3131 515 3220; x_wconf 90' lang='lat' dir='ltr'><strong>ab</strong></span> <span class='ocrx_word' id='word_1_128' title='bbox 549 3128 780 3218; x_wconf 88' lang='lat' dir='ltr'><strong>oblivione</strong></span> <span class='ocrx_word' id='word_1_129' title='bbox 815 3130 1101 3228; x_wconf 86' lang='lat' dir='ltr'><strong>vindicemus.</strong></span> <span class='ocrx_word' id='word_1_130' title='bbox 1176 3133 1247 3230; x_wconf 83' lang='lat' dir='ltr'><strong>At</strong></span> <span class='ocrx_word' id='word_1_131' title='bbox 1276 3169 1365 3233; x_wconf 92' lang='lat' dir='ltr'><strong>non</strong></span> <span class='ocrx_word' id='word_1_132' title='bbox 1398 3150 1542 3246; x_wconf 89' lang='lat' dir='ltr'><strong>minus</strong></span> <span class='ocrx_word' id='word_1_133' title='bbox 1582 3186 1723 3281; x_wconf 84' lang='lat' dir='ltr'><strong>certe,</strong></span> 
     </span>
     <span class='ocr_line' id='line_1_18' title="bbox 124 3259 1724 3415; baseline 0.016 -51"><span class='ocrx_word' id='word_1_134' title='bbox 124 3302 243 3392; x_wconf 89' lang='lat' dir='ltr'><strong>quam</strong></span> <span class='ocrx_word' id='word_1_135' title='bbox 277 3271 381 3362; x_wconf 89' lang='lat' dir='ltr'><strong>artis</strong></span> <span class='ocrx_word' id='word_1_136' title='bbox 413 3261 740 3382; x_wconf 73' lang='lat' dir='ltr'><strong>typographica</strong></span> <span class='ocrx_word' id='word_1_137' title='bbox 770 3259 1024 3358; x_wconf 85' lang='lat' dir='ltr'><strong>inventores</strong></span> <span class='ocrx_word' id='word_1_138' title='bbox 1060 3271 1328 3384; x_wconf 88' lang='lat' dir='ltr'><strong>posterorum</strong></span> <span class='ocrx_word' id='word_1_139' title='bbox 1365 3290 1576 3382; x_wconf 88' lang='lat' dir='ltr'><strong>memoria</strong></span> <span class='ocrx_word' id='word_1_140' title='bbox 1606 3299 1724 3415; x_wconf 89' lang='lat' dir='ltr'><strong>digni</strong></span> 
     </span>
     <span class='ocr_line' id='line_1_19' title="bbox 121 3399 1723 3532; baseline 0.024 -41"><span class='ocrx_word' id='word_1_141' title='bbox 121 3409 207 3503; x_wconf 81' lang='lat' dir='ltr'><strong>sunt</strong></span> <span class='ocrx_word' id='word_1_142' title='bbox 232 3414 325 3520; x_wconf 86' lang='lat' dir='ltr'><strong>illi,</strong></span> <span class='ocrx_word' id='word_1_143' title='bbox 355 3432 540 3526; x_wconf 91' lang='lat' dir='ltr'><strong>quorum</strong></span> <span class='ocrx_word' id='word_1_144' title='bbox 566 3425 699 3516; x_wconf 91' lang='lat' dir='ltr'><strong>opera</strong></span> <span class='ocrx_word' id='word_1_145' title='bbox 722 3399 864 3514; x_wconf 90' lang='lat' dir='ltr'><strong>primo</strong></span> <span class='ocrx_word' id='word_1_146' title='bbox 885 3401 964 3493; x_wconf 91' lang='lat' dir='ltr'><strong>illo</strong></span> <span class='ocrx_word' id='word_1_147' title='bbox 989 3409 1093 3499; x_wconf 88' lang='lat' dir='ltr'><strong>artis</strong></span> <span class='ocrx_word' id='word_1_148' title='bbox 1114 3419 1440 3532; x_wconf 74' lang='lat' dir='ltr'><strong>typographica</strong></span> <span class='ocrx_word' id='word_1_149' title='bbox 1456 3421 1610 3523; x_wconf 72' lang='lat' dir='ltr'><strong>sacculo</strong></span> <span class='ocrx_word' id='word_1_150' title='bbox 1629 3433 1723 3530; x_wconf 89' lang='lat' dir='ltr'><strong>sunt</strong></span> 
     </span>
     <span class='ocr_line' id='line_1_20' title="bbox 123 3536 1724 3666; baseline 0.017 -29"><span class='ocrx_word' id='word_1_151' title='bbox 123 3553 232 3640; x_wconf 87' lang='lat' dir='ltr'><strong>edita</strong></span> <span class='ocrx_word' id='word_1_152' title='bbox 265 3550 313 3641; x_wconf 90' lang='lat' dir='ltr'><strong>in</strong></span> <span class='ocrx_word' id='word_1_153' title='bbox 346 3548 506 3635; x_wconf 86' lang='lat' dir='ltr'><strong>lucem.</strong></span> <span class='ocrx_word' id='word_1_154' title='bbox 579 3536 727 3653; x_wconf 89' lang='lat' dir='ltr'><strong>Atqui</strong></span> <span class='ocrx_word' id='word_1_155' title='bbox 762 3539 1046 3654; x_wconf 89' lang='lat' dir='ltr'><strong>plurimorum</strong></span> <span class='ocrx_word' id='word_1_156' title='bbox 1080 3548 1252 3639; x_wconf 83' lang='lat' dir='ltr'><strong>exiliis</strong></span> <span class='ocrx_word' id='word_1_157' title='bbox 1292 3550 1515 3651; x_wconf 87' lang='lat' dir='ltr'><strong>hodiene</strong></span> <span class='ocrx_word' id='word_1_158' title='bbox 1546 3571 1724 3666; x_wconf 86' lang='lat' dir='ltr'><strong>nomina</strong></span> 
     </span>
     <span class='ocr_line' id='line_1_21' title="bbox 121 3671 1719 3818; baseline 0.013 -49"><span class='ocrx_word' id='word_1_159' title='bbox 121 3685 289 3800; x_wconf 87' lang='lat' dir='ltr'><strong>quidem</strong></span> <span class='ocrx_word' id='word_1_160' title='bbox 315 3676 434 3769; x_wconf 87' lang='lat' dir='ltr'><strong>forte</strong></span> <span class='ocrx_word' id='word_1_161' title='bbox 452 3671 751 3788; x_wconf 84' lang='lat' dir='ltr'><strong>nosceremus,</strong></span> <span class='ocrx_word' id='word_1_162' title='bbox 792 3675 867 3764; x_wconf 80' lang='lat' dir='ltr'><strong>nist</strong></span> <span class='ocrx_word' id='word_1_163' title='bbox 895 3705 1029 3793; x_wconf 89' lang='lat' dir='ltr'><strong>opera</strong></span> <span class='ocrx_word' id='word_1_164' title='bbox 1061 3707 1235 3792; x_wconf 89' lang='lat' dir='ltr'><strong>eorum,</strong></span> <span class='ocrx_word' id='word_1_165' title='bbox 1281 3690 1438 3804; x_wconf 91' lang='lat' dir='ltr'><strong>quibus</strong></span> <span class='ocrx_word' id='word_1_166' title='bbox 1469 3722 1549 3811; x_wconf 88' lang='lat' dir='ltr'><strong>pro</strong></span> <span class='ocrx_word' id='word_1_167' title='bbox 1588 3709 1719 3818; x_wconf 81' lang='lat' dir='ltr'><strong>genio</strong></span> 
     </span>
    </p>
   </div>
   <div class='ocr_carea' id='block_1_8' title="bbox 66 3807 1720 3936">
    <p class='ocr_par' dir='ltr' id='par_1_8' title="bbox 66 3807 1720 3936">
     <span class='ocr_line' id='line_1_22' title="bbox 66 3807 1720 3936; baseline 0.017 -30"><span class='ocrx_word' id='word_1_168' title='bbox 66 3817 68 3820; x_wconf 75' lang='grc'><strong>’</strong></span> <span class='ocrx_word' id='word_1_169' title='bbox 118 3815 249 3911; x_wconf 81' lang='lat' dir='ltr'><strong>saculi</strong></span> <span class='ocrx_word' id='word_1_170' title='bbox 288 3817 334 3908; x_wconf 78' lang='lat'><strong>81</strong></span> <span class='ocrx_word' id='word_1_171' title='bbox 365 3815 533 3906; x_wconf 85' lang='lat' dir='ltr'><strong>viribus</strong></span> <span class='ocrx_word' id='word_1_172' title='bbox 565 3807 650 3899; x_wconf 88' lang='lat' dir='ltr'><strong>suis</strong></span> <span class='ocrx_word' id='word_1_173' title='bbox 680 3811 734 3899; x_wconf 88' lang='lat' dir='ltr'><strong>de</strong></span> <span class='ocrx_word' id='word_1_174' title='bbox 762 3807 890 3901; x_wconf 85' lang='lat' dir='ltr'><strong>sacris</strong></span> <span class='ocrx_word' id='word_1_175' title='bbox 916 3836 989 3903; x_wconf 89' lang='lat' dir='ltr'><strong>aut</strong></span> <span class='ocrx_word' id='word_1_176' title='bbox 1010 3815 1205 3933; x_wconf 86' lang='lat' dir='ltr'><strong>profanis</strong></span> <span class='ocrx_word' id='word_1_177' title='bbox 1233 3823 1390 3916; x_wconf 88' lang='lat' dir='ltr'><strong>litteris</strong></span> <span class='ocrx_word' id='word_1_178' title='bbox 1422 3829 1536 3926; x_wconf 91' lang='lat' dir='ltr'><strong>bene</strong></span> <span class='ocrx_word' id='word_1_179' title='bbox 1562 3845 1720 3936; x_wconf 89' lang='lat' dir='ltr'><strong>mereri</strong></span> 
     </span>
    </p>
   </div>
   <div class='ocr_carea' id='block_1_9' title="bbox 118 3943 1786 4355">
    <p class='ocr_par' dir='ltr' id='par_1_9' title="bbox 118 3943 1786 4355">
     <span class='ocr_line' id='line_1_23' title="bbox 119 3943 1786 4076; baseline 0.02 -33"><span class='ocrx_word' id='word_1_180' title='bbox 119 3954 381 4060; x_wconf 84' lang='lat' dir='ltr'><strong>studuerunt,</strong></span> <span class='ocrx_word' id='word_1_181' title='bbox 413 3971 618 4066; x_wconf 87' lang='lat' dir='ltr'><strong>typorum</strong></span> <span class='ocrx_word' id='word_1_182' title='bbox 642 3943 861 4039; x_wconf 91' lang='lat' dir='ltr'><strong>beneficio</strong></span> <span class='ocrx_word' id='word_1_183' title='bbox 884 3954 1086 4064; x_wconf 85' lang='lat' dir='ltr'><strong>evulgata</strong></span> <span class='ocrx_word' id='word_1_184' title='bbox 1101 3951 1286 4050; x_wconf 77' lang='lat' dir='ltr'><strong>fuiffent</strong></span> <span class='ocrx_word' id='word_1_185' title='bbox 1346 3961 1473 4058; x_wconf 89' lang='lat' dir='ltr'><strong>Libri</strong></span> <span class='ocrx_word' id='word_1_186' title='bbox 1491 3976 1607 4068; x_wconf 88' lang='lat' dir='ltr'><strong>enim</strong></span> <span class='ocrx_word' id='word_1_187' title='bbox 1629 4010 1720 4076; x_wconf 90' lang='lat' dir='ltr'><strong>non</strong></span> <span class='ocrx_word' id='word_1_188' title='bbox 1785 3947 1786 3952; x_wconf 7' lang='grc' dir='ltr'><strong><em>Ν</em></strong></span> 
     </span>
     <span class='ocr_line' id='line_1_24' title="bbox 118 4075 1717 4217; baseline 0.008 -41"><span class='ocrx_word' id='word_1_189' title='bbox 118 4089 239 4200; x_wconf 90' lang='lat' dir='ltr'><strong>pauci</strong></span> <span class='ocrx_word' id='word_1_190' title='bbox 263 4083 435 4174; x_wconf 75' lang='lat' dir='ltr'><strong>Saeculo</strong></span> <span class='ocrx_word' id='word_1_191' title='bbox 462 4075 737 4197; x_wconf 41' lang='lat' dir='ltr'><strong>XV.,sepius</strong></span> <span class='ocrx_word' id='word_1_192' title='bbox 764 4081 886 4200; x_wconf 86' lang='lat' dir='ltr'><strong>typis</strong></span> <span class='ocrx_word' id='word_1_193' title='bbox 922 4085 1064 4175; x_wconf 84' lang='lat' dir='ltr'><strong>excufi</strong></span> <span class='ocrx_word' id='word_1_194' title='bbox 1095 4081 1258 4181; x_wconf 85' lang='lat' dir='ltr'><strong>sarculis</strong></span> <span class='ocrx_word' id='word_1_195' title='bbox 1293 4085 1594 4217; x_wconf 88' lang='lat' dir='ltr'><strong>sequentibus,</strong></span> <span class='ocrx_word' id='word_1_196' title='bbox 1626 4141 1717 4205; x_wconf 80' lang='lat' dir='ltr'><strong>mu.</strong></span> 
     </span>
     <span class='ocr_line' id='line_1_25' title="bbox 119 4213 1716 4355; baseline 0.019 -48"><span class='ocrx_word' id='word_1_197' title='bbox 119 4238 202 4310; x_wconf 86' lang='lat' dir='ltr'><strong>tato</strong></span> <span class='ocrx_word' id='word_1_198' title='bbox 230 4222 276 4310; x_wconf 90' lang='lat' dir='ltr'><strong>in</strong></span> <span class='ocrx_word' id='word_1_199' title='bbox 307 4217 465 4310; x_wconf 90' lang='lat' dir='ltr'><strong>melius</strong></span> <span class='ocrx_word' id='word_1_200' title='bbox 496 4213 770 4307; x_wconf 86' lang='lat' dir='ltr'><strong>scientiarum</strong></span> <span class='ocrx_word' id='word_1_201' title='bbox 804 4217 923 4330; x_wconf 81' lang='lat' dir='ltr'><strong>gustu</strong></span> <span class='ocrx_word' id='word_1_202' title='bbox 960 4247 1051 4310; x_wconf 92' lang='lat' dir='ltr'><strong>non</strong></span> <span class='ocrx_word' id='word_1_203' title='bbox 1066 4226 1268 4352; x_wconf 77' lang='lat' dir='ltr'><strong>¹amplius</strong></span> <span class='ocrx_word' id='word_1_204' title='bbox 1307 4225 1483 4327; x_wconf 86' lang='lat' dir='ltr'><strong>fuerunt</strong></span> <span class='ocrx_word' id='word_1_205' title='bbox 1517 4241 1716 4355; x_wconf 81' lang='lat' dir='ltr'><strong>impreffi.</strong></span> 
     </span>
    </p>
   </div>
   <div class='ocr_carea' id='block_1_10' title="bbox 15 4352 1713 4499">
    <p class='ocr_par' dir='ltr' id='par_1_10' title="bbox 15 4352 1713 4499">
     <span class='ocr_line' id='line_1_26' title="bbox 15 4352 1713 4499; baseline 0.021 -58"><span class='ocrx_word' id='word_1_206' title='bbox 15 4411 17 4440; x_wconf 81' lang='lat'>.</span> <span class='ocrx_word' id='word_1_207' title='bbox 121 4358 253 4476; x_wconf 86' lang='lat' dir='ltr'><strong>Atqui</strong></span> <span class='ocrx_word' id='word_1_208' title='bbox 279 4377 425 4449; x_wconf 90' lang='lat' dir='ltr'><strong>tamen</strong></span> <span class='ocrx_word' id='word_1_209' title='bbox 449 4377 504 4444; x_wconf 83' lang='lat' dir='ltr'><strong>ex</strong></span> <span class='ocrx_word' id='word_1_210' title='bbox 528 4352 778 4465; x_wconf 86' lang='lat' dir='ltr'><strong>hujusmodi</strong></span> <span class='ocrx_word' id='word_1_211' title='bbox 798 4353 921 4444; x_wconf 89' lang='lat' dir='ltr'><strong>libris</strong></span> <span class='ocrx_word' id='word_1_212' title='bbox 948 4385 1102 4473; x_wconf 89' lang='lat' dir='ltr'><strong>magna</strong></span> <span class='ocrx_word' id='word_1_213' title='bbox 1124 4384 1179 4450; x_wconf 85' lang='lat' dir='ltr'><strong>ex</strong></span> <span class='ocrx_word' id='word_1_214' title='bbox 1203 4385 1328 4479; x_wconf 88' lang='lat' dir='ltr'><strong>parte</strong></span> <span class='ocrx_word' id='word_1_215' title='bbox 1345 4371 1713 4499; x_wconf 88' lang='lat' dir='ltr'><strong>deprompierunt,</strong></span> 
     </span>
    </p>
   </div>
   <div class='ocr_carea' id='block_1_11' title="bbox 813 4498 1676 4644">
    <p class='ocr_par' dir='ltr' id='par_1_11' title="bbox 813 4498 1676 4644">
     <span class='ocr_line' id='line_1_27' title="bbox 813 4498 1676 4644; baseline 0.019 -36"><span class='ocrx_word' id='word_1_216' title='bbox 813 4625 825 4644; x_wconf 44' lang='lat'>‚</span> <span class='ocrx_word' id='word_1_217' title='bbox 867 4498 916 4610; x_wconf 66' lang='lat' dir='ltr'><strong>i(</strong></span> <span class='ocrx_word' id='word_1_218' title='bbox 947 4527 975 4588; x_wconf 83' lang='lat'>2</span> <span class='ocrx_word' id='word_1_219' title='bbox 1564 4549 1676 4640; x_wconf 65' lang='lat' dir='ltr'><strong>quae,</strong></span> 
     </span>
    </p>
   </div>
   <div class='ocr_carea' id='block_1_12' title="bbox 0 0 1898 5034">
    <p class='ocr_par' dir='ltr' id='par_1_12' title="bbox 0 0 1898 5034">
     <span class='ocr_line' id='line_1_28' title="bbox 0 0 1898 5034; baseline 0 5"><span class='ocrx_word' id='word_1_220' title='bbox 0 0 1898 5034; x_wconf 95' lang='lat' dir='ltr'><strong> </strong></span> 
     </span>
    </p>
   </div>
  </div>
 </body>
</html>
