3794 5028
1625 11 1889 20 .—.--..—...-‚-,

782 193 1104 322 ἐξ
1666 243 1756 336 147

121 409 373 672 prim
394 397 787 576 tritri
801 395 1173 598 tsi
1187 402 1572 616 fritinnit„
1586 406 1750 590 tbi

156 619 274 693 quum
292 597 567 694 hujuspagmae
587 594 741 692 spatium
762 595 813 672 est
834 617 1003 672 vacuum.
1054 599 1096 673 ln
1117 597 1278 696 sequenti
1298 615 1424 680 autem
1449 606 1558 695 solio,
1584 611 1747 705 praemis·

124 693 176 770 sa-
191 694 404 790 interpretis
422 691 672 789 praelatione,¹
701 692 832 791 incipit
854 694 996 790 primus
1020 693 1114 771 liber
1138 699 1480 789 oeconoiiiicorum,
1495 725 1605 802 quem
1628 707 1745 784 inter·

124 789 222 867 'esto
244 789 359 887 spatio
379 812 498 865 vacuo
520 789 660 886 excipit
682 789 860 866 secundus
883 789 945 900 qui
968 793 1188 870 terminatur
1209 793 1249 870 in
1265 793 1390 874 aversa
1407 801 1542 897 pagina
1560 802 1641 878 solii
1661 829 1742 902 193,

120 813 227 962 iioea
252 911 309 962 12.
359 885 530 1056 Spatium
551 887 650 981 quod
671 885 826 985 superest
846 885 963 992 hujus·
980 887 1144 984 paginae,
1167 890 1224 966 uti
1245 892 1359 984 etiam
1377 893 1558 994 sequentis
1577 899 1657 976 solii
1678 925 1745 1000 pa·

120 985 213 1080 gina
238 983 358 1078 prima
394 996 462 1058 unt
487 1005 615 1058 vacua.
665 982 853 1060 loaversa
872 996 998 1058 autem
1020 985 1155 1082 pagina
1178 986 1287 1086 hujus
1308 989 1389 1067 solii
1413 993 1627 1092 interpretis
1647 998 1740 1076 inci·

117 1083 179 1253 pit
198 1079 363 1174 Epistola
386 1077 433 1156 ad
454 1078 634 1154 summum
656 1079 875 1156 Pontificem
907 1080 1116 1178 Eugenium
1138 1083 1201 1162 IV.
1233 1098 1276 1162 ut
1303 1085 1468 1176 videtur,
1512 1113 1585 1188 qua
1617 1094 1739 1174 eidem

136 1179 239 1254 'bros
258 1177 494 1273 politicorum
516 1175 631 1252 latine
656 1178 822 1255 redditos
845 1175 965 1254 offert.
1030 1179 1138 1256 Hanc
1156 1180 1358 1278 Epistulam
1378 1187 1462 1262 exci
1487 1188 1519 1263 it
1544 1189 1617 1266 alia
1639 1190 1738 1288 ejus·

122 1276 212 1351 dem
240 1275 454 1370 interpretis
478 1273 628 1370 epistola
651 1275 700 1350 ad
721 1273 993 1370 Magistratum,
1029 1276 1070 1354 dr
1092 1275 1195 1354 cives
1214 1279 1315 1356 urbis
1336 1280 1433 1361 Sene
1529 1307 1602 1382 qua
1622 1286 1740 1366 libros

118 1371 279 1448 eosdem
317 1370 426 1446 offert
457 1369 591 1446 iisdem
617 1371 658 1447 in
688 1373 785 1466 grati
815 1372 930 1446 animi
953 1371 1256 1470 fignificationein
1284 1399 1352 1474 pro
1376 1377 1546 1476 singulari
1573 1382 1760 1473 honore,

142 1493 193 1545 uo
216 1491 304 1545 euni
329 1468 559 1554 adfecerant,
583 1491 669 1544 cum
689 1468 738 1544 ad
759 1468 889 1544 balnea
911 1469 1115 1566 petriolana
1135 1473 1308 1552 amandae
1327 1475 1551 1556 valetudinis
1565 1481 1670 1558 causa
1684 1483 1737 1560 es-

115 1491 171 1643 L
192 1563 393 1664 proseiius.
439 1562 586 1660 Scripta
606 1565 688 1640 liaec
703 1563 853 1661 epistola
868 1565 918 1642 est
932 1565 1149 1655 Florentiae,
1172 1570 1236 1645 ubi
1257 1571 1466 1649 cancellarii
1481 1597 1633 1655 munere
1650 1580 1735 1656 sun·

114 1665 275 1758 gebatur
288 1660 443 1748 audior,
469 1660 584 1736 oiiav.
607 1661 689 1736 Kal.
710 1661 923 1738 Decembris
941 1674 1011 1738 ano
1032 1665 1094 1739 dni
1120 1681 1222 1762 1438.
1274 1665 1427 1746 Ad'esta
1446 1671 1497 1747 cst
1515 1675 1666 1750 tandem
1679 1679 1733 1752 ci·

113 1759 222 1835 vium
237 1755 454 1834 Senensium
473 1757 506 1832 E
533 1757 636 1834 istola
656 1758 705 1834 ad
726 1759 960 1836 Leonardum
982 1753 1181 1837 Aretinum
1203 1689 1442 1859 responioria,
1483 1791 1555 1864 qua
1578 1773 1732 1866 gratissi·

112 1879 219 1933 mum
242 1854 308 1931 fibi
329 1854 432 1931 fuisse
452 1867 491 1931 te
544 1869 630 1930 ntur
652 1855 723 1930 hoc
750 1879 895 1933 munus.
958 1857 1054 1957 Haec
1077 1857 1227 1954 epistola
1254 1861 1340 1936 data
1368 1862 1417 1938 est
1445 1863 1556 1940 Senis
1585 1870 1645 1944 die
1674 1887 1729 1956 28.

112 1954 311 2032 Decembr.
337 1967 441 2049 1438.
499 1947 644 2048 'Atque
667 1953 727 2028 liic
750 1951 836 2026 sinis
858 1951 908 2028 est
930 1952 1131 2030 voluminis
1154 1957 1192 2032 in
1219 1957 1343 2033 aversa
1371 1959 1451 2035 solii
1476 1971 1556 2058 roo.
1580 1967 1732 2061 pagina,

109 2051 287 2128 lineari.
337 2049 449 2126 Patet
461 2073 510 2124 ex
525 2049 613 2125 data
634 2049 808 2126 hasienus
825 2049 1085 2146 descriptione,
1111 2051 1311 2128 editionem
1326 2055 1421 2131 lianc
1439 2061 1730 2154 antiquillimam,

109 2147 150 2225 di
169 2149 271 2225 forte
293 2146 461 2225 omnium
480 2146 638 2246 primam
657 2145 745 2236 elle,
770 2145 895 2224 saltem
918 2159 1005 2226 ante
1025 2170 1165 2227 annum
1188 2175 1292 2252 1477.
1317 2173 1340 2226 a
1359 2152 1439 2252 Joli
1461 2157 1643 2236 Mentello
1662 2184 1729 2238 exi

111 2245 247 2324 cusani.

110 2450 395 2534 GEORGIUS
414 2451 652 2544 HUSNER,
680 2453 723 2533 si
745 2445 868 2560 JOH.
893 2453 1239 2547 BECIOENHUB,
1265 2456 1553 2564 dequibursiipru
1568 2463 1617 2542 N.
1633 2455 1725 2550 Vll.

196 2552 293 2652 seqq.
324 2551 446 2630 tibrum
468 2556 566 2629 ctiam
583 2553 770 2652 sequentem
792 2553 1029 2656 imprefferirrit.
1780 2595 1782 2600 ¹

105 2725 213 2821 Lll.
242 2722 477 2839 Laurentii
509 2723 717 2840 Vallenfis
741 2728 954 2842 Oratoris
975 2723 1207 2848 Cicrifflmi
1232 2727 1483 2824 Delibero
1510 2736 1718 2831 Arbitrio

222 2835 287 2932 Er
314 2837 597 2936 Providentia
625 2841 801 2936 Divina.
833 2837 1110 2935 Traliatuius
1126 2843 1320 2954 feliciter
1344 2845 1518 2964 incipit.

110 3041 112 3048 ’
197 3023 284 3102 Hic
302 3021 400 3122 quasi
423 3023 554 3100 titulus
573 3026 613 3098 in
629 3025 752 3100 fronte
771 3023 900 3119 primae
920 3024 1065 3120 paginae
1087 3023 1242 3119 legitur,
1266 3023 1474 3122 majusculis
1495 3026 1630 3102 litteris
1650 3049 1719 3122 go·

104 3117 220 3199 thicis
242 3121 443 3220 impressus.
510 3121 552 3198 ln
573 3121 731 3218 Prologo
758 3122 806 3195 ad
826 3123 1009 3208 Gnrliam,
1043 3145 1153 3216 quem
1180 3122 1441 3219 Episcoporum
1464 3122 1718 3214 dosiiffimum,

98 3221 140 3298 &-
163 3221 347 3318 optimum
368 3219 546 3314 adpellat,
575 3233 793 3304 contraeos
816 3219 999 3313 queritur,
1037 3219 1162 3314 quiin
1185 3218 1420 3315 Theologicis
1455 3219 1715 3316 quaestionibus
1769 3243 1775 3256 ·

98 3319 262 3394 nimium
288 3317 450 3392 tribuere
480 3315 594 3391 solent
619 3314 762 3390 Philoso
788 3313 872 3391 liiae.
947 3317 1064 3390 Porro
1091 3315 1189 3390 hunc
1218 3315 1265 3390 de
1293 3316 1532 3394 Providentia
1549 3317 1716 3394 libellum

97 3413 229 3492 austor
258 3429 387 3491 contra
416 3413 567 3488 Boethii
589 3413 723 3488 librum
776 3469 784 3486 .
816 3412 862 3488 de
892 3411 1139 3488 consolatione
1165 3411 1406 3509 Philosophiae
1428 3414 1647 3508 composuit,
1674 3415 1714 3490 in

93 3511 254 3590 modum
276 3511 413 3607 dialogi
434 3510 531 3584 inter
553 3507 668 3605 ipsum
690 3508 729 3587 dr
753 3504 960 3584 Antonium
985 3508 1158 3586 Glaream
1184 3509 1311 3584 habiti.
1385 3509 1548 3585 Libellus
1561 3511 1715 3606 'integer

95 3609 231 3686 decem
249 3608 349 3684 soliis
369 3605 545 3704 impressis
568 3605 776 3682 absolvitur.
840 3607 996 3682 Litterae
1018 3605 1057 3683 di
1078 3606 1225 3692 charta,
1275 3607 1339 3682 uin
1366 3617 1447 3682 tota
1471 3607 1586 3682 facies
1607 3623 1713 3684 exte*

7 3709 9 3726 '
93 3707 173 3781 rior
195 3704 276 3780 sunt
322 3705 440 3780 rorsu's
467 3703 609 3778 eaedem
634 3727 719 3778 cum
744 3727 766 3776 o
793 3701 915 3777 eribus
940 3701 1045 3798 supra
1065 3629 1477 3788 invisibilitatis,
1504 3701 1709 3792 recensitis,

92 3801 203 3880 &ab
228 3729 395 3878 HuEiero
409 3801 449 3876 di
470 3800 732 3912 Beckeiiliubio
757 3724 1000 3912 Xrgentorati
1024 3795 1209 3912 impfellis.
1273 3800 1414 3875 Praeter
1434 3797 1606 3897 punitum
1626 3802 1709 3878 nul-

90 3899 174 3974 lum
187 3899 357 3984 ‚occurrit
383 3895 687 4010 interpunsiioms,
710 3893 861 3992 signum.
927 3895 1081 3980 Litterae
1104 3895 1265 3971 initiales
1287 3895 1399 3996 (duae
1417 3910 1539 3972 autem
1561 3909 1708 3973 tantum

90 4007 203 4073 eraut
224 3995 449 4110 formandae,
481 3995 656 4068 nimirum
674 3993 782 4069 initio
804 3991 965 4090 prologi,
999 3991 1197 4106 &dialogi
1220 3989 1357 4165 ipsius)
1380 3993 1564 4080 custodes,
1591 3984 1708 4092 signa·
1871 4097 1876 4104 Ι

90 4105 211 4182 turae,
237 4113 455 4190 paginarum
480 4091 624 4166 numcrl
648 4088 786 4166 desunt.
847 4089 972 4165 Habet
993 4087 1137 4164 libellus
1161 4089 1224 4164 iste
1248 4111 1317 4166 ean
1344 4115 1402 4165 em
1436 4089 1707 4186 compaduram

91 4213 184 4304 Μ
203 4187 385 4265 Μ
405 4187 580 4300 Μ·
594 4188 641 4263 ²³
665 4207 803 4300 Μ
831 4183 1327 4359 sieiliiasfi‘ili·
1341 4187 1589 4361 nstitit
1613 4201 1705 4360 lit

90 4283 954 4556 claabsscecliinrlfubstffnffirpgblpbiizmbgaerbbit,caut
971 4378 1044 4476 ipse
1067 4371 1178 4454 manu
1202 4378 1262 4455 sua
1285 4379 1478 4480 adscripsit.
1546 4379 1704 4478 Oportet

90 4481 208 4579 igitur
229 4483 329 4564 hunc
347 4480 512 4562 libellum
557 4502 602 4554 oc
624 4477 750 4557 saltem
773 4499 869 4553 anno
890 4477 992 4571 typis
1012 4475 1114 4555 fuisse
1135 4475 1325 4596 exailum,

876 4571 907 4648 T
932 4597 955 4654 a
1569 4569 1655 4650 ΡΕ-
