3790 5030
791 229 1114 356 ἐξ
1346 217 1746 363 ’7τ

120 440 213 538 IV.
244 438 450 554 origenis
476 429 632 530 contra
655 433 829 530 Celsum
847 415 949 528 libri
972 435 1094 528 aiio.
1158 433 1229 530 Ex
1243 435 1605 554 interpretatione
1621 437 1746 532 Chri·

236 556 433 674 stophori
460 551 655 644 Persona
677 553 879 644 Romani.
933 552 1084 642 Rome
1107 579 1185 669 per
1207 551 1449 669 Georgium
1472 551 1670 647 Heroldt
1688 557 1745 648 de

237 669 484 782 Bamberga
509 694 623 757 anno
653 677 779 780 1481.
809 667 861 757 in
883 664 926 757 F
928 669 989 765 ol.
1015 666 1120 758 min.

103 899 108 904 ·
212 893 222 902 ·
276 865 415 942 Merito
450 861 728 961 splendidissima
756 861 831 940 dici
868 861 986 961 potest
1010 863 1092 940 haec
1119 861 1256 952 editio,
1289 863 1455 942 omniurn
1480 863 1578 944 forte
1601 849 1746 960 prima.

120 963 298 1066 impressa
320 961 371 1038 est
394 961 494 1036 enim
518 960 737 1038 nitidillimae
760 961 903 1056 chartae
923 959 1128 1038 charaiiere
1150 960 1311 1039 rotundo
1337 985 1414 1038 nori
1440 960 1532 1037 nihil
1558 959 1745 1058 pinguiori

124 1065 168 1144 dr
190 1056 484 1160 elegantissimo.
532 1060 645 1135 Caret
675 1058 877 1134 initialibus
904 1057 1059 1144 litteris,
1087 1057 1313 1144 custodibus,
1340 1044 1553 1156 signaturis,
1582 1060 1747 1136 numeris

121 1157 366 1266 paginarum,
394 1155 432 1234 dr
448 1156 649 1232 earundem
660 1154 968 1252 inscriptionibus.
1019 1155 1162 1232 Praeter
1180 1157 1371 1256 punitum,
1396 1155 1746 1252 &interrogationis

124 1259 270 1356 lignum
293 1266 492 1332 occurrunt
513 1253 627 1328 etiam
649 1253 723 1328 duo
747 1253 889 1350 punita.
939 1252 1173 1351 Diphtongus
1191 1275 1221 1330 a
1242 1253 1426 1351 expressus
1449 1253 1510 1331 est.
1562 1254 1604 1330 ln
1620 1251 1746 1330 aversa

157 1362 246 1440 fimi
259 1358 340 1436 solii
353 1357 489 1455 pagina
501 1352 701 1454 Theodorus
713 1351 872 1431 Goziuur
889 1353 1222 1472 Constantinopolim.
1247 1356 1402 1456 Xyiybro
1414 1355 1548 1462 fforra:
1579 1355 1618 1434 S.
1635 1355 1676 1434 P.
1692 1357 1743 1435 D.

123 1384 274 1536 &udat
297 1455 471 1533 nimirum
495 1453 796 1551 christophorum
820 1451 1017 1530 Personam
1038 1451 1085 1528 ob
1107 1453 1281 1550 insignem
1303 1477 1507 1552 graecarum
1532 1454 1753 1534 litterarum

124 1556 397 1654 cognitionem,
426 1573 537 1648 quain
561 1548 746 1632 conversis
771 1549 846 1648 jain
867 1550 1033 1652 pluribus
1062 1551 1103 1626 in
1131 1551 1288 1628 latinum
1314 1553 1417 1628 libris
1444 1554 1576 1648 graecis
1602 1552 1747 1629 abunde

123 1655 369 1752 probaverat3
395 1650 564 1724 hortatur
586 1649 729 1745 itaque,
754 1660 799 1724 ut
818 1647 1008 1724 vertendis
1035 1648 1206 1744 origenis
1230 1660 1358 1725 contra
1373 1647 1506 1725 celsum
1525 1649 1628 1734 libris
1646 1649 1746 1727 suam

73 1775 77 1782 ’
123 1774 265 1828 navare
283 1771 433 1846 operam
451 1769 526 1821 non
551 1759 739 1842 gravetur.
803 1744 948 1822 Folium
976 1756 1102 1822 autern
1129 1744 1326 1822 secundum
1349 1746 1553 1844 Epistulam
1577 1749 1746 1826 confluet

126 1849 364 1944 interpretis,
387 1841 528 1948 joann·
553 1842 735 1942 Morrnigo
756 1841 873 1942 illustri
894 1867 959 1916 roro
972 1854 1119 1933 mortui,
1127 1843 1260 1942 rincipi:
1292 1843 1489 1947 uniuerfloqg
1504 1844 1640 1943 senatui
1651 1832 1747 1921 iclito
1776 1943 1779 1950 Ι

130 1945 406 2117 risuitr'ffmopgt
428 1939 657 2038 inscriptam,
692 1963 764 2037 qua
793 1963 858 2016 eos
885 1963 946 2016 ein
971 1939 1159 2028 hortatur,
1189 1953 1233 2017 ut
1264 1941 1435 2037 Origenis
1464 1943 1653 2040 exemplo,
1676 1943 1742 2040 qui

128 2067 253 2122 renio
281 2041 464 2116 ristianam
484 2039 656 2114 adversus
675 2038 837 2124 Celsum,
874 2037 1040 2134 aliosque
1060 2036 1244 2128 christiani
1270 2040 1430 2114 nominis
1451 2037 1571 2115 hostes
1597 2039 1740 2138 scriptis

126 2141 319 2226 defendit,
363 2137 517 2212 eandem
542 2137 654 2211 armis
685 2135 826 2211 strenue
846 2144 1020 2240 tueanpir
1041 2133 1212 2212 adversus
1238 2135 1378 2212 Turcas
1404 2137 1646 2234 Hydruntum
1672 2163 1740 2214 no·

125 2241 242 2320 bilem
267 2239 305 2312 in
332 2232 468 2332 Apulia
491 2235 619 2310 urbem
640 2233 798 2330 Capram
818 2231 1074 2330 direptamque
1092 2233 1130 2308 vi
1149 2244 1331 2310 tenentes.
1383 2233 1487 2310 Folio
1504 2235 1652 2311 demum
1671 2247 1747 2311 ter-

128 2333 398 2510 is‘ihii
415 2329 791 2505 “Pr
804 2353 909 2504 ilai
929 2328 1392 2505 bizuntinus-⁵
1416 2333 1514 2507 hid
1540 2331 1747 2506 iiiiii·

127 2455 418 2612 iiiiiinteliolii
432 2451 534 2603 timii
557 2452 706 2604 alienor
730 2485 841 2624 paulo
864 2525 974 2626 primi
1001 2525 1086 2602 libri
1112 2484 1252 2623 iegitur
1280 2454 1745 2700 gfflm}it,11bus¹¹ist¹f

113 2631 222 2720 teris
247 2626 454 2726 impressus:
495 2623 560 2700 Ori
584 2627 651 2698 cuir
678 2623 888 2700 Proonnr'um
910 2623 1037 2700 Contra
1060 2621 1188 2723 Celsum
1203 2621 1253 2699 Et
1273 2622 1318 2700 su
1336 2623 1435 2701 Fidei
1451 2623 1486 2701 C
1503 2627 1644 2726 ristiauu
1664 2625 1740 2700 Di-

120 2729 306 2828 senionem
328 2719 431 2799 Liber
457 2719 489 2798 I.
592 2721 616 2796 d
637 2722 776 2798 calcem
798 2744 889 2798 vero
906 2721 992 2797 libri
1015 2719 1133 2800 ostani
1154 2723 1301 2799 uberior
1321 2724 1457 2819 legitur
1479 2723 1631 2800 notitia:
1663 2724 1744 2800 Ori·

158 2817 229 2900 ruis
253 2833 372 2914 contra
401 2817 529 2918 Celsum
546 2817 660 2920 finis:
701 2842 795 2917 quoni
828 2815 1078 2920 Cirrijiopirorur
1097 2817 1238 2918 persona
1268 2819 1470 2896 Romanor:
1502 2823 1598 2918 prior
1619 2819 1743 2920 sunnin

129 2853 292 3002 hasbina
314 2918 355 2993 de
378 2915 474 2994 orte:
499 2916 602 2993 iatine
626 2938 777 3016 groecrq3
823 2917 1026 3020 eritiffimur:
1060 2922 1102 2990 cri
1124 2915 1199 3016 fide
1222 2943 1239 2991 e
1259 2941 1369 3016 groco
1390 2917 1549 2994 traduxit
1570 2917 1610 2997 ii
1635 2943 1740 2992 emen·

423 3041 556 3092 eruero
580 3011 747 3114 Georgius
773 2941 897 3088 linolt
922 3013 964 3088 dr
994 3011 1188 3113 Bumbergo
1213 3012 1330 3091 Roma
1354 3017 1517 3118 imprrfflt.
1566 3013 1672 3091 Anno
1692 3019 1745 3091 in·

133 3117 345 3196 conminuit
359 3019 505 3190 griimini
541 3111 716 3188 Milirrmo
741 3111 1036 3213 quadriugrustmo
1061 3109 1246 3212 oiiogrfimo
1265 3115 1398 3212 primo:
1430 3114 1533 3213 mense
1554 3109 1747 3218 januarii:

131 3227 298 3317 regnante
319 3211 421 3290 Sixto
445 3223 563 3310 quana
578 3212 735 3310 pontifice
755 3210 922 3285 monimo:
950 3235 1038 3285 anno
1061 3211 1130 3286 eius
1149 3201 1283 3287 decimo.
1351 3210 1446 3288 Folii
1469 3211 1650 3314 sequentis
1672 3213 1746 3309 pri·

131 3339 198 3393 rna
220 3314 356 3413 pagina
379 3309 567 3424 Rrgssrum
597 3307 845 3424 quintanorum
872 3308 1050 3425 continet:
1112 3309 1430 3423 Oilandisnullam
1450 3309 1496 3386 de
1512 3310 1744 3407 typographo

129 3413 207 3490 hoc
239 3410 361 3488 nolito
393 3409 484 3484 facit
516 3421 760 3522 mentionem:
789 3430 884 3505 opus
914 3430 1006 3520 vero
1036 3406 1130 3484 istud
1159 3421 1256 3482 inter
1282 3409 1396 3483 libros
1427 3407 1595 3522 recenset·
1613 3407 1745 3523 Romae

133 3505 346 3606 impressos,
376 3528 531 3680 iptorum
550 3521 767 3602 ignorantur
787 3505 1020 3604 typographi.
1089 3505 1267 3592 Quaedam
1294 3506 1517 3604 exemplaria
1534 3505 1643 3680 hippus
1669 3507 1749 3582 edi·

137 3608 255 3684 tionis
274 3601 358 3680 loco
408 3601 558 3775 ¹pisiolae
585 3604 798 3702 interpretis
822 3603 870 3678 ad
894 3603 974 3702 Joh.
1001 3603 1265 3697 Mocenigum,
1296 3601 1335 3680 dt
1362 3603 1542 3679 Senatum
1598 3617 1748 3681 enetrirn

136 3706 317 3780 exhibent
335 3697 406 3798 Epi
437 3700 536 3778 olam
553 3699 719 3798 ejusdem
739 3700 1004 3778 dedicatoriam
1024 3700 1071 3774 ad
1090 3699 1240 3776 Sixtum
1266 3697 1329 3777 IV.
1351 3700 1588 3787 Pontificem,
1613 3711 1657 3776 ut
1678 3725 1747 3778 nos
1859 3739 1860 3744 ¹

137 3805 251 3878 docet
270 3799 320 3878 ii.
344 3795 552 3906 Audiffredi
573 3799 612 3920 iri
639 3799 817 3896 Catalogo
845 3797 1095 3874 Romanarum
1117 3796 1323 3874 editionum
1339 3797 1432 3875 Saec.
1448 3798 1531 3875 XV.
1558 3821 1641 3898 pag.
1665 3824 1746 3900 241.

137 4014 204 4108 V.
232 4011 348 4101 Petri
379 4005 620 4097 Lombaidi
659 4025 844 4119 quatuor
878 4003 978 4092 libri
1001 3985 1315 4096 'sententiarum
1347 4003 1643 4121 Norimbergae
1671 4011 1747 4098 im·
1887 3999 1888 4002 ‘

254 4118 378 4242 pressi
404 4148 481 4237 per
505 4130 676 4210 Airton.
702 4115 932 4228 Koburger
960 4133 1084 4226 1481.
1107 4119 1153 4205 in
1183 4112 1288 4207 i‘ol.

298 4317 449 4488 paginae
483 4311 630 4410 singulae
650 4312 690 4388 in
714 4311 806 4387 duas
830 4309 1019 4388 columnas
1047 4312 1220 4390 distiniiae
1243 4311 1334 4389 sunt.
1402 4315 1448 4391 ln
1471 4317 1590 4414 prima
1617 4321 1746 4416 primae

7 4431 8 4444 ¹
144 4420 293 4524 paginae
313 4439 358 4490 co
373 4436 485 4490 umna
511 4411 641 4509 incipit
667 4409 824 4484 auiioris
849 4407 1018 4508 Prologus
1038 4411 1074 4485 in
1097 4407 1200 4486 libros
1222 4409 1423 4522 Sentiiiorri.
1470 4414 1632 4491 Huncin
1651 4417 1749 4516 ejus.

7 4515 8 4526 '
145 4524 233 4597 dem
257 4512 404 4612 paginae
424 4509 596 4632 columna
617 4506 773 4585 secunda
790 4505 899 4604 paulo
914 4519 1000 4584 ante
1012 4508 1174 4584 medium
1191 4511 1380 4606 excipiunt
1396 4505 1525 4586 rubrica
1533 4515 1639 4612 primi
1659 4517 1749 4611 iibri,

1615 4635 1704 4716 ‘luat
