3794 5028
62 1007 69 1022 .
191 943 340 1021 hannem.
364 945 403 1024 dt
428 945 552 1046 Incipit
573 943 657 1019 liber
678 942 810 1019 Nonas.
836 941 893 1018 De
907 939 1047 1041 conseffa
1062 941 1139 1040 filii
1154 938 1201 1016 od
1240 955 1389 1018 exteram
1398 948 1521 1043 patris,

187 171 242 262 a
506 203 512 213 ι
827 145 1151 276 ss
1279 163 1283 173 ’

180 363 249 472 ssm
269 383 390 440 moran
413 369 578 460 anim:
603 357 661 462 pai
678 353 902 436 aolaminiias
919 381 964 434 en
985 380 1097 433 eoranr
1110 353 1288 456 principiis
1312 357 1444 439 nomino
1468 354 1688 460 inponebant,
1727 365 1770 432 cat

190 459 231 540 is
251 459 305 535 iric
319 460 452 558 miram
476 455 560 534 iiber
578 471 705 534 tantam
728 459 803 558 ogit
829 453 871 532 de
892 457 1102 556 generatione
1114 453 1224 552 fiendi
1246 454 1418 545 iohannis,
1444 457 1508 532 reli
1518 471 1627 534 ‘aaa
1641 465 1680 531 ni
1740 455 1772 534 se

183 570 250 658 pot
297 557 388 634 ratio
412 555 513 632 titali.
565 557 606 633 ln
625 558 749 634 fronte
770 553 851 632 folii
874 552 1020 630 secundi
1049 551 1174 650 Incipit
1193 549 1277 630 liber
1293 549 1424 654 primas
1435 487 1545 654 sconii
1558 551 1719 653 Arnierofii
1730 545 1773 627 De

190 651 248 762 Jo
292 655 368 730 nnis
389 647 523 756 baptiste
540 656 760 753 generatione.
825 651 868 726 ln
891 651 1013 726 fronte
1033 649 1190 726 aliorum
1206 652 1384 729 librorum
1407 654 1499 728 nihil
1525 653 1628 732 aliud
1645 653 1774 748 legitur,

191 777 302 851 quarn
323 777 355 828 e.
371 775 406 846 g.
433 749 558 850 Incipit
581 749 665 864 liber
694 749 844 863 oiiaaar,
876 847 882 861 ι
911 761 1132 861 raeterquam
1154 749 1194 822 in
1218 749 1340 825 fronte
1362 749 1504 847 septimi
1527 751 1567 829 δι
1587 752 1673 826 noni
1695 749 1778 832 libri,

190 851 255 926 ubi
277 849 317 924 hi
338 862 536 926 occurrunt
559 847 676 923 tituli:
713 847 838 944 Iacrprt
855 770 939 919 nice
956 841 1117 942 septimas
1142 842 1184 918 de
1209 845 1240 920 ie
1265 844 1343 923 e&
1362 847 1535 946 propinetis
1554 847 1636 1032 app?
1658 846 1701 920 od
1713 841 1780 1018 ἐς

1652 967 1698 1020 ue

190 1045 470 1142 quidem'verba
492 1041 705 1142 plerumque
726 1039 941 1116 florentibus
968 1037 1104 1114 litteris
1127 1039 1333 1136 majusculis
1361 1042 1526 1141 impressa
1556 967 1656 1128 suntq,
1693 1061 1784 1138 quem

193 1143 392 1220 admodum
417 1143 523 1238 plura
542 1141 614 1216 alia
635 1138 825 1216 vocabula.
874 1134 1065 1212 Adhibitae
1085 1138 1226 1212 eaedem
1247 1139 1353 1214 fuere
1372 1140 1587 1236 plerumque
1608 1140 1714 1216 initio
1731 1161 1786 1210 vo·

191 1263 295 1326 cum,
323 1259 406 1333 quae
422 1236 559 1313 sensum
576 1237 763 1314 inchoant.
813 1235 975 1310 Litteras
999 1233 1158 1308 initiales
1174 1257 1327 1331 magnas
1348 1236 1449 1333 ligno
1472 1237 1603 1312 incisas
1624 1250 1785 1333 typogra-

187 1338 286 1434 phus
307 1333 380 1431 ipse
401 1334 627 1432 adjiciendas
651 1331 806 1408 curavit.
857 1331 1067 1426 Signaturae
1088 1353 1197 1417 vero,
1222 1331 1408 1420 custodes,
1436 1333 1475 1414 iic
1497 1335 1713 1432 paginarum
1733 1355 1789 1405 nu·

187 1433 281 1510 meri
302 1431 440 1544 desunt.
489 1431 558 1544 ‘ln
581 1429 754 1528 superiori
776 1427 1091 1540 tarnenmargine
1123 1426 1289 1540 cuiusvis
1310 1431 1455 1526 paginae
1477 1432 1568 1547 liber
1596 1431 1790 1544 indicatur,

187 1530 611 1702 annitimini
625 1524 1790 1724 ,sinesiis,iiiielisilniiiiff‘nisiii'is‘siniieii

188 1721 282 1819 Sorg
304 1724 445 1798 iacoiom
471 1721 563 1820 opidi
586 1717 822 1823 Aagafle'n'fir:
849 1719 889 1795 ob
910 1733 1028 1794 natare
1045 1723 1236 1793 notreraatic
1259 1721 1405 1820 gloriam
1423 1720 1580 1824 dansque
1605 1724 1706 1799 exilii
1728 1748 1792 1796 aen·

184 1821 325 1918 pliorem
347 1821 583 1895 conditionem:
647 1821 761 1917 agneis
782 1815 1002 1893 horoderibas
1031 1817 1256 1914 artificialiter
1279 1821 1436 1919 effigiato.
1508 1819 1616 1898 Atiae
1635 1819 1793 1920 parisiens
1851 1831 1852 1860 ¹

181 1913 326 2016 perfidio
340 1917 470 2014 finiant
485 1917 583 2008 seiici
605 1941 685 1991 rnre:
711 1914 871 1990 dominice
890 1915 1142 1990 incarnationis.
1191 1914 1274 1992 Ario
1293 1918 1461 2021 miisefirao
1477 1917 1792 2020 quadringentefinro
1852 1896 1854 1988 i

179 2011 418 2112 septaagefimo
433 2012 544 2112 sento.

579 2106 676 2186 Laar
704 2107 825 2182 entiam
854 2107 921 2183 enti
950 2110 1063 2206 ejasq3
1089 2104 1264 2214 daicifflmc
1283 2114 1396 2190 matri.

186 2344 272 2438 VI.
303 2343 539 2461 Speculum
558 2343 603 2432 b.
623 2341 777 2434 Maria
796 2343 918 2456 Virg.
941 2341 1027 2438 aS.
1046 2341 1355 2437 Bonaventura
1376 2347 1679 2464 compilatum,
1714 2344 1799 2439 lm·

302 2455 485 2576 pressum
510 2457 712 2572 Augusta
737 2484 815 2573 per
838 2459 1010 2546 Antan.
1042 2457 1152 2572 Sorg
1182 2485 1296 2550 anuo
1329 2459 1454 2574 1476.
1482 2466 1526 2550 in
1555 2461 1593 2551 F
1597 2465 1657 2552 ol.
1692 2467 1799 2554 min.
1861 2474 1862 2498 ¹

287 2671 331 2747 ln
352 2671 475 2748 fronte
498 2669 627 2766 primae
643 2667 752 2765 primi
767 2666 846 2742 solii
866 2667 1011 2764 paginae
1025 2669 1105 2746 haec
1127 2670 1299 2764 leguntur
1323 2673 1505 2771 impressa:
1534 2673 1659 2772 Incipit
1675 2675 1801 2792 spera,

187 2773 256 2848 ianr
278 2765 368 2844 teca
391 2767 508 2842 Maria
533 2768 700 2864 uirginisr
722 2762 932 2860 compilatam
954 2761 996 2840 ab
1018 2763 1138 2842 bamili
1151 2769 1267 2862 fratre
1288 2769 1538 2848 Bonaaentara.
1590 2774 1692 2872 Typs
1717 2777 1801 2856 sunt

185 2870 319 2952 iidem,
347 2866 479 2962 quibus
498 2863 590 2939 alias
612 2862 694 2938 usus
716 2861 767 2937 est
783 2861 950 2958 Sergius.
1027 2865 1180 2942 Litterae
1204 2865 1377 2944 florentes
1400 2869 1507 2944 initio
1530 2895 1686 2959 vocum,
1717 2899 1803 2972 quae

186 2965 323 3044 sensum
355 2963 549 3049 inchoant,
590 2960 652 3036 hic
686 2979 832 3055 quoque
861 2973 1076 3047 occurrunt,
1119 2983 1229 3057 quem
1254 2965 1454 3042 admodum
1482 2969 1611 3043 etiam·
1628 2971 1801 3050 initiales

185 3083 332 3160 magnae
350 3061 451 3156 ligno
471 3058 602 3136 incisae.
654 3055 849 3142 Custodes,
876 3054 1088 3150 signaturae,
1115 3059 1330 3154 paginarum
1345 3066 1488 3138 numeri
1503 3065 1661 3144 desunt.¹
1696 3068 1807 3167 Opus

185 3161 300 3259 ipsum
316 3158 417 3234 aliud
435 3155 526 3230 nihil
542 3155 610 3240 est,
637 3175 747 3248 quam
767 3151 945 3249 expositio
958 3153 1187 3230 salutationis
1201 3157 1398 3251 angelicae:
1422 3159 1503 3234 Aae
1522 3163 1664 3246 Moriar
1696 3173 1805 3264 quod

186 3257 371 3350 colligitur
390 3252 569 3330 etiamen
592 3249 866 3347 subscriptione,
891 3269 974 3344 quae
999 3250 1047 3325 ad
1068 3251 1207 3328 calcem
1230 3255 1408 3349 opusculi,
1432 3259 1532 3334 foliis
1553 3275 1600 3356 43
1625 3267 1806 3343 constan,

188 3357 259 3438 tis,
283 3352 436 3447 legitur:
474 3344 712 3445 &ejusmodi
735 3345 802 3422 est:
842 3346 1049 3446 Deaotiffleni
1068 3371 1109 3422 oc
1122 3353 1362 3453 pratentiffimi
1374 3351 1514 3429 dosoris
1524 3358 1654 3451 ftotrri
1670 3359 1804 3446 Bona·

186 3457 315 3534 enare,
340 3445 501 3522 tratiatac
512 3442 615 3542 saper
635 3441 798 3541 gaadiosa
817 3437 1015 3543 catastae,
1039 3471 1102 3543 per
1115 3445 1336 3547 Archangeli
1355 3447 1529 3538 Gabriele,
1557 3453 1604 3528 ad
1624 3459 1803 3537 excetrae

186 3547 336 3650 tifflmaen
360 3555 439 3640 atq3
461 3543 687 3642 glariofiffimei
717 3541 878 3638 virgineae
908 3540 1032 3616 Marici
1062 3548 1264 3624 annunciata
1284 3545 1453 3645 speecasam
1481 3553 1585 3627 marie
1607 3556 1783 3634 vocitatas
1790 3587 1804 3639 t

178 3745 270 3844 soeg·
285 3765 446 3818 coaevem
466 3734 528 3812 Aa
569 3739 638 3832 sien

184 3841 275 3938 Xer.
305 3837 362 3917 M.
382 3761 628 3916 CCCCLWXX

183 3643 324 3742 explicit
338 3643 494 3735 feliciter.
543 3635 777 3910 Nonlaidem
790 3636 1059 3808 Jrogropdatnr
1070 3638 1136 3736 sed
1156 3652 1186 3735 Β
1198 3643 1274 3741 fide
1294 3641 1432 3742 dignam
1452 3650 1562 3723 airam
1578 3649 1803 3733 Anthonium

655 3759 703 3808 era
720 3757 765 3830 q3
814 3733 967 3908 eligenter
989 3735 1167 3852 inpreffas.
1230 3739 1335 3820 Anao
1347 3742 1525 3842 ficianfire
1548 3749 1804 3832 irrcoraatiaair

659 3829 690 3909 I.
712 3827 826 3934 pridie
872 3829 999 3910 alendis
1022 3859 1165 3912 marcens.
