3790 5030
164 235 224 326 60
815 170 1138 334 ΑΒ

2 421 3 432 ‘
78 415 84 422 ’
162 437 290 505 tantur
311 447 343 500 e.
359 446 395 520 g.
421 389 614 519 Capitulum
629 415 720 496 VII.
746 417 806 495 vel
833 418 1025 518 Capitulum
1053 417 1202 497 Nouum.
1277 415 1451 497 Praemisli
1471 415 1622 520 singulis
1649 423 1789 522 capiti·

163 530 232 603 bns
256 525 295 600 in
323 521 393 596 hac
416 521 575 618 primum
597 519 760 594 editione
782 515 863 592 sunt
886 517 998 690 copus,
1018 540 1111 617 quos
1136 532 1283 596 veteres
1305 517 1558 616 adpellabant,
1578 521 1785 607 summarii,

165 625 225 700 seu
255 621 383 698 brevia
403 618 566 714 capitum
588 627 806 712 argumenta
826 617 870 690 ab
898 617 980 694 aiis
1005 614 1151 712 posthac
1175 617 1418 713 typographis
1434 621 1572 731 pariter
1586 619 1785 716 praemissa.

165 722 312 799 Horum
332 717 415 793 loco
436 718 474 791 in
494 714 646 792 Psalmis
667 711 833 810 praemiffi
856 712 936 789 sunt
958 713 1078 799 tituli,
1101 709 1165 810 spui
1212 713 1323 788 artim
1345 712 1421 810 jam
1442 729 1609 793 intexto
1635 719 1788 794 hebrai·

168 844 229 904 co,
254 816 389 930 partim
415 814 453 890 in
478 833 599 910 graeca
623 807 786 886 versione
817 809 1155 908 septuagintavirali
1188 735 1372 923 leguntur.
1425 812 1466 888 ln
1505 816 1659 891 cantico'
1693 840 1789 891 vero

167 929 397 997 canticorum
419 910 518 988 casus
546 909 603 987 isti
629 907 814 984 summarii
832 909 984 985 omnino
1006 907 1273 1001 desiderantum
1309 931 1414 1005 quus
1444 911 1499 986 rei
1526 915 1712 990 rationem
1738 939 1789 989 err

168 1027 258 1094 uota
283 1011 377 1092 libro
411 1009 497 1084 huic
527 1006 679 1106 praelixa
702 1005 790 1082 licet
819 1007 1037 1105 intelligere.
1117 1007 1213 1096 Quia
1242 1007 1416 1084 nimirum
1445 1012 1633 1086 canticum
1659 1013 1736 1087 hoc
1767 1037 1790 1086 a

169 1108 324 1188 diversis.
346 1104 587 1186 diversrmode
619 1105 835 1201 exponitur,
877 1104 939 1182 vel
967 1103 1172 1202 adplicatur
1200 1102 1353 1181 diuersis
1383 1103 1553 1204 objetiis,
1584 1109 1792 1186 noluerunt

169 1209 330 1286 editores
354 1218 413 1282 tot
432 1206 530 1285 iuter
549 1203 671 1280 varias
686 1202 875 1280 variorum
896 1201 1093 1300 sententias
1111 1201 1306 1281 lettoribus
1322 1201 1423 1278 suam
1440 1205 1647 1282 obtrudere.
1704 1208 1792 1284 Lit-

169 1321 261 1386 terae
284 1305 467 1390 initiales,
499 1323 628 1398 eaeque
659 1299 930 1396 elegantissimae
964 1315 1045 1377 tum
1074 1302 1182 1376 initio
1217 1301 1448 1398 integrorum
1478 1301 1673 1388 librorum,
1701 1318 1792 1380 tum

168 1403 433 1491 Praesationum
465 1399 504 1476 S.
533 1399 774 1494 Hieronymi,
812 1420 896 1496 quae
926 1397 1073 1496 singulis
1113 1399 1216 1474 libris
1253 1398 1417 1496 praefixae
1450 1400 1548 1488 sunt,
1586 1401 1792 1498 impressae,

169 1503 332 1598 capitum
357 1522 445 1576 vero
470 1497 606 1574 litterae
633 1496 795 1574 initiales
828 1519 960 1582 manu,
990 1497 1030 1574 dc
1055 1497 1205 1593 quidem
1230 1495 1354 1572 colore
1378 1521 1476 1574 nunc
1513 1500 1641 1586 rubro,
1685 1523 1793 1576 nunc

175 1598 340 1684 ceruleo,
367 1596 554 1674 interdum
574 1594 689 1670 etiam
711 1595 820 1670 viridi
836 1596 1025 1692 eleganter
1042 1595 1165 1670 ubivis
1185 1591 1339 1692 adpistae
1363 1591 1456 1670 sunt.
1511 1598 1689 1673 Continet
1704 1597 1792 1673 haec

170 1696 285 1774 editio
309 1709 445 1792 praeter
465 1693 580 1769 libros
603 1691 797 1790 utriusque
818 1693 1027 1768 testamenti
1054 1705 1136 1768 tum
1159 1693 1298 1768 Proto·
1313 1703 1394 1768 tum
1414 1693 1577 1771 Deutero
1592 1695 1791 1770 -Canoni·

2 1815 29 1880 j
169 1815 236 1868 cos
257 1792 370 1870 etiam
392 1792 574 1877 tertium,
614 1790 848 1886 &quartum
875 1789 998 1868 Esdrae
1026 1791 1279 1888 apocryphos,
1308 1793 1371 1887 qui
1396 1788 1551 1870 secundo
1581 1817 1603 1870 e
1633 1792 1794 1888 vestigio

173 1889 347 1988 subjunsii
366 1889 455 1966 sunt.
519 1887 614 1984 Typi
636 1888 770 1964 minuti
795 1889 962 1988 quidem,
988 1886 1047 1964 sed
1069 1889 1269 1964 admodum
1296 1889 1484 1984 elegantes
1516 1890 1607 1966 sunt.
1664 1890 1793 1987 Papy-

170 2011 235 2063 ruc
250 1985 373 2072 srrma,
394 1987 550 2072 munda,
565 1985 602 2062 dc
616 1987 698 2060 alba
711 1985 772 2062 est.
812 1989 982 2073 Litterae,
1007 1988 1139 2083 quibus
1155 1985 1257 2061 casus
1273 1985 1477 2072 summarii,
1491 1988 1634 2085 aliaque
1646 1989 1696 2061 ad
1711 1989 1794 2062 Ru-

2 2062 3 2078 *
120 2089 123 2096 '
173 2086 292 2162 bricas
315 2085 554 2181 pertinentia,
579 2081 746 2180 impressa
769 2081 867 2170 sunt,
895 2084 1150 2180 magnitudine
1169 2082 1314 2160 litteras
1335 2097 1463 2160 textus
1485 2087 1566 2184 plus
1589 2109 1700 2182 quam
1734 2087 1794 2160 di·

173 2183 289 2266 midia
308 2197 413 2286 parte
431 2183 610 2278 superant.
665 2179 749 2256 Post
769 2176 1015 2279 Apocalypsm
1039 2180 1246 2280 subscriptio
1273 2180 1424 2280 sequens
1443 2183 1614 2287 impressa
1630 2183 1791 2282 legitutt

466 2275 571 2354 Anno
604 2301 627 2362 o
658 2278 925 2354 natiuitate.drii
957 2277 1134 2380 llssilsestmo
1167 2278 1434 2378 quadringentrst

466 2401 520 2478 '²3⁰
554 2374 774 2475 oiiuagestmo.
864 2389 939 2452 arto
964 2375 1123 2453 kalendas
1138 2375 1332 2474 februarii*
1387 2368 1433 2456 In

466 2471 723 2646 55¹⁹5555555‘i
744 2473 1011 2674 istite
1031 2475 1275 2673 ttt‘tt',
1284 2477 1432 2650 5555}

467 2670 517 2745 ris
554 2673 742 2771 testaturam
776 2693 867 2768 opus.
908 2693 972 2769 par
1011 2601 1176 2776 Julian?
1207 2671 1338 2747 Zoster
1374 2671 1436 2750 Vsa

467 2768 582 2866 menfis
613 2765 706 2864 opidi
742 2767 884 2844 incolum
920 2768 1014 2866 Opus
1046 2761 1126 2868 inq}
1165 2768 1271 2868 picinos
1293 2768 1341 2844 od
1357 2772 1435 2870 fine·
1533 2841 1537 2846 .

460 2857 606 2961 ‚plicitum
621 2862 801 2963 sarcerdote]
830 2866 1017 2944 utilitatem.
1044 2893 1109 2944 non
1131 2866 1227 2944 modo
1253 2873 1293 2942 cri
1315 2870 1435 2944 cononi

471 2960 532 3037 bus
572 2961 889 3064 euangelistorttmqg
923 2962 1179 3043 concordantiis.
1218 2991 1283 3138 unp
1309 2967 1345 3042 in
1384 2993 1434 3074 app

311 3101 321 3114 ·
472 3065 512 3134 ct
526 3057 1263 3165 dssiiomihebraico4declaratio.(src)occast
1284 3061 1430 3160 ussdmo

471 3157 534 3233 riis
553 3156 754 3355 semperffab
787 3162 883 3276 initio
913 3161 1083 3262 copitusu4
1109 3165 1225 3267 posttr's
1259 3158 1441 3263 diligentis
1540 3217 1548 3232 ,ι

486 3279 770 3332 mmmm

179 3349 219 3422 ln
244 3347 374 3427 eadem
407 3257 599 3440 corinna,
615 3281 717 3450 pquae
745 3355 840 3431 hanc
874 3356 1025 3433 exhibet
1063 3356 1377 3455 subscriptionem,
1422 3355 1543 3434 statim
1572 3351 1797 3434 subnestitur

181 3447 374 3523 Menandri
402 3449 550 3545 epistola
574 3451 621 3529 ad
642 3451 820 3554 Jacobum
847 3454 892 3529 de
927 3451 1088 3543 lsenaco,
1124 3478 1235 3553 quam
1267 3457 1457 3554 excipiunt
1478 3476 1638 3530 canones
1665 3453 1796 3534 Evan-

180 3541 406 3636 gelistarum‚
430 3550 493 3642 qui
523 3550 636 3625 etlam
659 3547 862 3646 evangeliis
892 3552 932 3626 in
953 3554 1118 3648 margine
1146 3552 1389 3651 adjestisunt.
1463 3550 1547 3629 Post
1568 3549 1699 3626 solium
1723 3575 1796 3628 va·

181 3662 293 3715 cuum
318 3641 490 3740 Incipiunt
507 3648 793 3745 intepretationes
805 3645 1047 3726 Hebraicorum
1062 3652 1243 3727 nominum:
1290 3651 1380 3727 Inde
1401 3650 1447 3726 ab
1468 3633 1627 3746 Epistola
1649 3648 1687 3723 S.
1697 3647 1798 3724 Hie-

182 3739 329 3832 ronymi
352 3743 400 3814 ad
423 3742 617 3820 Paulinum
632 3768 751 3842 usque
771 3747 819 3822 ad
839 3745 950 3823 finem
967 3771 1149 3826 canonum
1164 3747 1480 3845 Evangelistarum
1503 3746 1585 3823 sunt
1607 3746 1697 3821 solia
1718 3746 1797 3821 im-

182 3835 295 3930 pressa
312 3861 396 3936 407.
446 3839 771 3938 Interpretationes
793 3866 882 3920 vero
904 3846 1096 3922 nominum
1119 3849 1374 3924 hebraicorum
1402 3845 1493 3921 solia
1528 3844 1696 3943 implent·
1719 3844 1800 3920 im·

183 3931 296 4030 pressa
320 3957 387 4030 32,
408 3949 450 4011 ut
472 3939 565 4014 adeo
588 3961 682 4038 opus
702 3941 888 4038 integrum
910 3942 1010 4022 soliis
1037 3944 1176 4024 constet
1196 3941 1371 4044 impresso
1391 3959 1476 4042 439.
1658 3949 1672 3958 “

332 4139 417 4217 Νοιι
439 4143 530 4219 nulli
550 4144 629 4244 post
653 4143 707 4220 Le
733 4147 917 4244 Longium
941 4149 1142 4227 editionem
1159 4171 1315 4248 quoque
1336 4147 1543 4226 Bibliorum
1561 4145 1606 4222 ab
1627 4145 1802 4248 Johanne

185 4237 319 4316 Zainer
343 4261 440 4315 anno
467 4257 559 4342 1484
590 4257 755 4318 curatam
777 4248 998 4326 excitarunt.
1080 4247 1220 4325 Verum
1248 4270 1351 4325 error
1372 4246 1433 4322 hic
1453 4245 1523 4332 est,
1551 4246 1800 4335 indonatus,

70 4421 73 4428 ¹
183 4339 281 4431 quod
307 4338 416 4414 verba
443 4338 506 4414 illa
526 4339 812 4438 subscriptionis:
841 4341 1088 4442 Oduagrfimo,
1111 4358 1229 4441 quarto
1252 4341 1411 4420 kalendar
1427 4341 1601 4439 febroarii
1626 4345 1679 4419 ita
1704 4367 1802 4422 con·

184 4431 390 4529 junxerint,
419 4450 462 4512 ut
483 4461 614 4514 vocem
632 4451 768 4536 quarto,
798 4461 881 4537 quae
905 4443 1037 4537 pundo
1058 4455 1183 4518 tamen
1205 4443 1453 4540 distinquitur,
1478 4465 1562 4528 cum
1582 4465 1674 4516 voce
1696 4463 1801 4537 prae·

56 4574 63 4584 -
185 4531 359 4620 cedente,
386 4535 616 4639 assuagestmo,
645 4537 911 4617 connesterent
964 4539 1027 4616 Est
1048 4541 1161 4638 igitur
1183 4565 1259 4619 non
1281 4540 1346 4618 nisi
1361 4541 1472 4648 unica
1492 4539 1695 4617 Bibliorum
1708 4541 1803 4650 ,edi-

240 4665 245 4671 ·
727 4687 737 4704 ι
1689 4649 1744 4714 tto
