3794 5028
103 465 199 553 licis,
224 464 267 542 in
288 444 490 562 eademqui
507 461 650 562 pagina
662 464 843 562 praemiffa
863 447 1037 548 Suetonii
1051 461 1278 544 prefatione
1291 488 1386 564 opus
1397 467 1512 567 ipsum
1531 469 1577 548 de
1594 473 1730 552 Gram-

101 564 257 642 maticis
279 561 352 640 fine
372 562 448 640 ullo
470 562 580 638 titulo
603 563 744 659 incipit.
815 561 1052 638 'terminatur
1074 577 1200 640 autem
1220 565 1260 640 in
1284 565 1403 662 prima
1429 569 1618 648 undecimi
1649 567 1732 654 folii

74 671 77 676 ’
101 664 260 761 pagina,
287 663 385 737 linea
407 683 472 760 243
501 661 561 736 cui
581 660 663 736 haec
686 673 832 774 tantum
855 660 968 787 verba
991 658 1141 755 subjecit
1165 676 1414 761 typograpus:

101 855 249 933 Aversa
269 853 380 1028 11er
399 853 480 929 folii
502 853 636 950 pagina
659 853 710 931 est
730 757 858 932 viiii.
883 755 1166 932 Lliiiuffeetiam
1187 856 1238 933 est
1252 857 1371 955 prima
1384 882 1431 958 pa
1459 859 1519 936 'na
1538 862 1620 939 folii
1636 863 1730 942 duo·
1789 807 1793 816 Ι

102 954 255 1133 ἀεσίἓὲ.
324 976 350 1027 n
374 951 499 1027 aversa
519 962 647 1028 autem
671 951 779 1050 hujus
797 951 878 1028 folii
900 951 1035 1048 pagina
1062 951 1137 1030 fine
1160 953 1236 1030 ullo
1263 954 1372 1031 titulo
1393 957 1438 1034 Li
1486 958 1557 1034 llus
1580 961 1627 1038 de
1654 963 1731 1038 cla·

101 1052 158 1130 ris
241 1049 405 1128 etoribus
428 1048 579 1145 incipit,
618 1049 790 1149 idemque
816 1051 1036 1128 terminatur
1068 1052 1108 1128 in
1141 1050 1267 1128 aversa
1300 1053 1437 1152 pagina
1474 1056 1556 1136 folii
1594 1059 1730 1142 decimi

103 1150 250 1248 quinti,
274 1147 374 1226 linea
398 1169 466 1244 253
491 1147 552 1224 cui
572 1145 655 1225 haec
673 1145 997 1320 mmmgffbjess‘
1018 1139 1299 1249 typographum

875 1270 914 1320 us
978 1270 1025 1321 eo.

105 1346 230 1422 Tottts
250 1341 364 1440 igitur
383 1339 530 1418 libellus
553 1341 696 1418 duobus
720 1341 861 1420 constat
885 1343 1209 1440 quaternionibus,
1234 1331 1441 1425 &secundi
1467 1340 1615 1446 quidem
1638 1373 1729 1451 qua.

106 1443 294 1520 ternion'm
320 1438 452 1516 solium
473 1439 648 1516 ultimum
681 1439 733 1519 est
762 1465 934 1518 vacuum.
1013 1441 1186 1528 Litterae,
1203 1442 1346 1540 ‘quibus
1369 1444 1559 1543 imprelsus
1584 1448 1635 1526 eli
1663 1451 1730 1532 ille

104 1539 257 1618 libellus
278 1539 359 1616 suut
378 1539 568 1625 rotundae,
590 1536 630 1615 dt
651 1540 918 1636 perelegantes.
986 1539 1124 1614 Charta
1155 1538 1352 1616 firniffima
1379 1541 1465 1635 est,
1487 1543 1570 1621 alba
1590 1559 1728 1640 tamen,

105 1637 278 1716 initiales
300 1637 457 1724 litterae,
482 1635 668 1724 custodes,
695 1633 908 1733 lignaturae,
935 1636 1153 1732 paginarum
1191 1639 1336 1714 numeri
1373 1639 1413 1718 dc
1450 1641 1551 1719 tituli
1587 1646 1727 1727 desunt,

107 1731 465 1834 Interpunffionisst
516 1735 754 1811 um-unicum
775 1734 958 1819 occurrit,
983 1757 1115 1830 nempe
1139 1734 1322 1831 pontium.
1346 1821 1349 1828 ¹
1373 1737 1446 1815 Pro
1461 1763 1501 1816 ar
1514 1741 1638 1822 ubivis
1660 1746 1732 1825 im-

106 1833 268 1934 prelium
284 1831 444 1934 reperii
529 1831 912 1932 plex,-praeterquam
937 1829 978 1908 in
1001 1853 1093 1916 voce
1110 1829 1242 1910 Caesar.

108 1995 275 2160 Lam.
308 2061 353 2152 S.
373 2060 606 2178 Augustini
636 2061 683 2176 1)
703 2019 857 2152 sermo
877 2055 1002 2178 super
1019 2059 1221 2152 oratione
1238 2047 1492 2158 Dominica.
1560 2070 1613 2183 a)
1639 2069 1728 2164 Ex·

225 2178 386 2300 pofitio
405 2177 626 2293 Symboli.
665 2179 719 2298 3)
738 2177 891 2268 Sermo
916 2179 972 2266 de
996 2175 1210 2268 ebrietate
1237 2183 1449 2270 cavenda.
1482 2184 1531 2272 in
1553 2211 1595 2298 4.
1621 2190 1728 2288 urin,

211 2374 302 2455 Tria
321 2373 403 2454 haec
423 2369 594 2472 opuscula
615 2397 664 2451 ex
687 2373 818 2452 eadem
846 2369 1094 2474 typographia
1113 2368 1219 2449 sunu
1240 2373 1431 2472 prodiill'e,
1470 2375 1631 2458 dubitari
1651 2347 1729 2463 non

107 2476 240 2580 potest.
306 2473 363 2551 lta
389 2473 489 2549 enim
518 2471 617 2574 inter
644 2470 679 2549 se
694 2473 915 2568 cohaerent,
955 2481 1000 2545 ut
1029 2469 1065 2548 se
1090 2471 1188 2564 arari
1213 2474 1259 2547 ab
1282 2473 1444 2550 invicem
1479 2498 1555 2553 non
1583 2477 1728 2576 poffint.

111 2572 352 2654 Charaileres
371 2570 452 2649 lunt
474 2568 636 2682 gethicae
658 2570 809 2684 formae,
835 2567 993 2655 unnuti,
1016 2493 1088 2645 sai)
1098 2567 1298 2646 admodum
1318 2571 1486 2669 pinques.
1507 2565 1511 2594 ¹
1534 2574 1729 2676 Interpun.

110 2675 243 2753 dionis
276 2668 415 2772 lignum
447 2689 599 2744 unicum
626 2680 807 2757 occurrtt,
848 2688 981 2764 nempe
1008 2664 1183 2765 puniium
1229 2667 1313 2744 aulo
1342 2667 1487 2746 crallrus
1512 2671 1728 2774 plerumque

106 2772 221 2872 hujus
242 2771 374 2846 formae
397 2763 481 2868 (f).
533 2767 688 2843 Litterae
703 2765 865 2841 initiales
879 2763 1104 2860 singulorum
1125 2690 1397 2862 opuliulorum,
1426 2766 1638 2864 fignatu'rae,
1664 2777 1730 2852 cu·

107 2873 251 2966 stodes,
276 2867 495 2965 paginarum
508 2863 713 2942 numeri&
735 2861 990 2939 titulidesunt.
1039 2861 1297 2960 Imprimendls
1315 2865 1417 2940 hisce
1437 2867 1555 2944 tribus
1577 2871 1729 2968 opuscu-

106 2971 154 3048 lis
180 2965 263 3044 otto
284 2963 374 3040 folia
395 2962 626 3043 suffecerant.
666 2961 818 3052 Quaevis
841 2959 978 3059 pagina
1001 2958 1147 3055 integra
1168 2961 1304 3058 viginti
1322 2959 1357 3038 se
1382 2977 1459 3039 tem
1485 2965 1602 3042 lineas
1625 2993 1728 3046 com·

109 3065 290 3166 plestitur.
340 3062 382 3138 In
403 3061 526 3176 fronte
548 3061 677 3176 primae
700 3059 846 3159 paginae
865 3057 975 3156 primi
993 3055 1220 3170 foliiUIncipit
1230 3057 1342 3173 sermo
1356 2985 1445 3137 iocati
1462 3059 1570 3178 Augu
1596 3067 1645 3140 ini
1658 3071 1727 3164 epi·

102 3166 208 3266 scopi.
223 3161 328 3260 super
349 3168 530 3234 maironem
547 3156 746 3234 dominicam
753 3185 766 3239 ,·
792 3157 969 3252 Idemque
985 3167 1208 3231 terrmnatur
1231 3179 1270 3232 m
1291 3159 1531 3254 primatemit
1572 3161 1636 3238 olii
1662 3187 1727 3263 pa·

110 3267 219 3361 gina,
246 3259 346 3335 linea
363 3255 530 3334 secunda.
575 3255 671 3332 Tum
691 3255 829 3352 exiguo
837 3253 963 3352 {spatio
979 3251 1103 3329 reliiio
1124 3251 1305 3350 sequitur:
1330 3253 1492 3354 Explicit
1501 3257 1613 3356 sermo
1638 3259 1728 3341 benai

103 3366 320 3468 Augustini,
336 3361 377 3438 de
395 3372 496 3438 crine
514 3359 690 3438 dominico.
742 3359 868 3458 Incipit
883 3353 1041 3458 exposttio
1056 3354 1164 3456 eiusdi
1174 3357 1242 3454 sup
1256 3353 1401 3456 sybolii..
1441 3357 1631 3442 Adfinem
1650 3370 1725 3464 pri·

107 3451 1726 3641 aalasatenariam-taaestimamini<1¹1ae

109 3583 269 3743 ifflum
292 3656 423 3756 implet
446 3637 668 3755 opusculmn.
731 3580 795 3731 Ali
814 3579 925 3751 {lujus
951 3672 1040 3726 vero
1063 3609 1203 3764 calcem
1225 3577 1642 3754 „iffifpmfsusplffi
1661 3587 1727 3740 aetii?

110 3773 286 3841 notatum
305 3767 432 3854 atypo
477 3753 586 3851 apho.
665 3751 760 3866 llaec
781 3751 895 3867 etiam
916 3745 1087 3860 opuscula
1107 3771 1148 3864 tn
1171 3750 1361 3846 germania
1381 3749 1616 3865 saltemante
1639 3781 1725 3839 ann.

107 3777 750 4039 amandetur
764 3850 938 4025 tta
953 3845 1616 4044 menatenam
1640 3881 1727 3937 ‘⁰¹¹¹

101 4168 248 4268 Lxx.
278 4161 526 4255 Guilliermi
557 4157 746 4252 Tardivi
781 4155 897 4248 Baiis
932 4153 1232 4273 grammatice.
1273 4171 1277 4181 ’
1302 4147 1502 4255 Accedit
1532 4161 1724 4256 auctoris

221 4277 421 4398 ejusdem
450 4272 790 4366 commentarius
812 4273 860 4362 in
882 4273 994 4362 hanc
1019 4270 1135 4360 belin
1167 4329 1217 4348 -
1246 4299 1290 4386 4.

205 4480 251 4556 In
272 4473 398 4554 fronte
415 4471 547 4570 primae
564 4469 710 4568 paginae
724 4467 806 4546 haec
828 4467 1019 4564 legtmtur:
1047 4461 1249 4542 Gailiermos
1268 4465 1401 4545 tordioi
1417 4443 1588 4571 onicimsts
1609 4453 1724 4548 Kaio·

99 4583 156 4663 aa.
173 4569 504 4745 mansne-ponstenfi
525 4569 815 4652 redanimari
836 4577 957 4746 φίας(
984 4562 1112 4746 ²Tum
1130 4563 1292 4666 sequitur
1312 4567 1476 4669 Epistola
1497 4568 1737 4748 dedicagqiria·
