3790 5030
553 205 1088 336 ss
1367 215 1481 278 ⁸
1679 254 1735 349 59

112 419 207 519 XI.
230 415 384 628 sinilia
412 402 561 618 Ιαξιῑιιέ.
616 405 916 530 Norimberg'ae
955 441 1036 533 per
1057 395 1488 540 Antonciso'burger
1526 441 1650 540 1480.
1686 429 1732 518 in

275 559 457 645 o,mag
490 573 536 618 .<
799 602 802 608 .
998 597 1007 612 ,

276 759 369 853 Haec
383 753 591 832 Bibliorum
604 749 719 830 editio
731 749 854 850 quoad
872 761 1002 852 typos,
1021 755 1206 847 chartam,
1221 713 1622 860 numerumioliorunr,
1636 769 1728 848 alia·
1890 767 1891 774 ‘

109 888 186 964 que
211 861 335 937 omnia
361 858 415 932 ita
437 851 614 930 convenit
645 873 732 927 eum
769 851 934 927 editione
960 854 1005 930 ab
1037 856 1169 932 eodem
1203 864 1438 961 typographo
1470 879 1598 942 curata
1632 890 1732 946 anno
1890 929 1891 936 Ν

112 976 227 1062 1478,
256 957 295 1034 dr
318 977 417 1030 arne
437 951 485 1026 ad
509 951 547 1026 h.
562 972 595 1026 a.
617 947 665 1025 N.
683 947 817 1026 XXIII.
838 948 1035 1048 descripta,
1061 965 1104 1028 ut
1126 955 1246 1052 primo
1270 958 1429 1038 intuenti
1455 964 1574 1040 arnbae
1597 965 1731 1044 editio·
1890 983 1891 1022 ³

109 1083 179 1136 nes
202 1078 276 1133 una
298 1053 501 1148 eademque
523 1047 623 1123 haud
644 1047 834 1122 immerito
849 1048 972 1132 uideri
994 1049 1143 1146 possent.
1193 1053 1249 1130 lta
1276 1058 1452 1138 nimirum
1475 1061 1605 1138 solium
1626 1063 1729 1154 folio,

107 1158 284 1235 columna
309 1151 492 1228 coiumuae
512 1146 552 1224 dc
575 1145 791 1243 plenumque
828 1145 942 1221 etiarn
974 1147 1071 1224 linea
1108 1149 1217 1228 lineae
1247 1155 1473 1252 respondent.
1528 1159 1730 1239 Praeiixum

107 1256 162 1332 est
191 1251 278 1330 huic
301 1250 416 1326 etiarn
438 1243 594 1324 editioni
620 1244 751 1320 solium
776 1266 852 1318 non
874 1257 1128 1334 numeratum,
1152 1247 1259 1348 cujus
1284 1245 1409 1331 aversa
1435 1257 1569 1354 pagina
1590 1260 1731 1336 catalo-
1891 1299 1892 1350 ᾗ

105 1377 200 1452 gum
229 1348 379 1428 exhibet
407 1345 585 1421 librorum
613 1339 862 1428 Biblicorum,
894 1343 939 1418 in·
959 1343 1033 1421 fine
1057 1369 1146 1422 vero
1173 1351 1355 1428 accedunt
1383 1352 1445 1430 sex
1476 1357 1616 1454 pariter
1638 1358 1730 1437 solia
1891 1357 1892 1444 1

104 1475 184 1530 11⁰ss
212 1459 405 1524 numerata
431 1439 628 1520 Mfflffldri
652 1439 873 1537 Epistolam,
904 1441 1122 1520 &canones
1146 1445 1459 1546 Evangelistarum
1486 1453 1729 1552 compieden·
1891 1453 1892 1540 i

105 1551 181 1638 tia,
203 1545 349 1645 prorsus
368 1543 411 1618 'ut
430 1541 471 1616 in
489 1538 653 1616 editione
666 1537 909 1634 praecedenti,
954 1539 1148 1638 Postquam
1165 1567 1254 1622 vero
1273 1549 1401 1624 ambas
1421 1553 1603 1629 editiones
1618 1556 1727 1650 paulo

104 1645 321 1724 adcuratius
350 1643 447 1718 inter
479 1635 513 1713 se
541 1636 789 1750 contulissem,
816 1635 974 1734 plurima
1000 1639 1210 1730 observavi,
1240 1647 1374 1742 quibus
1401 1650 1517 1726 altera
1539 1654 1584 1728 ab
1611 1652 1730 1729 altera

104 1743 304 1920 diffgrunn
329 1766 363 1820 e.
384 1763 420 1838 g.
437 1735 519 1850 folii
537 1735 649 1836 pruni
669 1733 841 1812 columna
866 1733 1022 1814 secunda
1044 1737 1085 1814 in
1107 1739 1270 1820 editione
1288 1747 1378 1823 anni
1405 1764 1498 1848 1478
1518 1747 1650 1850 incipit
1668 1751 1728 1828 his
1770 1819 1779 1836 ,

103 1865 177 1920 ver
204 1863 257 1919 rs:
916 1855 933 1889 ”·
1137 1873 1140 1879 ’
1454 1851 1461 1881 ⁵

529 1929 603 2032 fiis.
622 1923 816 2040 ptrunfiuis
838 1927 1012 2030 caucufirm
1039 1929 1180 2011 albanos
1207 1935 1280 2016 &a

101 2039 145 2113 in
172 2035 337 2113 editione
363 2054 452 2110 vero
473 2031 560 2106 anni
589 2045 682 2126 1480
709 2027 838 2105 eadem
869 2031 1042 2108 columna
1061 2030 1109 2107 slc
1134 2033 1264 2124 habet:

573 2123 699 2226 sophus
725 2138 765 2200 ut
785 2131 972 2226 piugorici
999 2127 1141 2206 trudon
1163 2131 1236 2228 dic,
1707 2185 1709 2190 ,

97 2233 146 2310 ln
167 2227 282 2330 priori
309 2225 473 2304 editione
497 2223 591 2302 liber
614 2223 754 2322 genesis
789 2227 1012 2303 terminatur
1033 2226 1097 2305 sol.
1124 2225 1391 2309 xx11.·c01,2.
1414 2229 1479 2308 lin.
1504 2254 1568 2332 14:
1596 2233 1635 2310 in
1658 2245 1727 2334 poi·

98 2329 247 2407 steriori
273 2351 361 2402 vero
382 2324 472 2400 solio
488 2327 639 2412 eodem,
663 2325 835 2402 columna
858 2327 1008 2412 eadem,
1037 2325 1098 2402 sed
1117 2325 1214 2404 linea
1234 2351 1289 2424 15.
1349 2329 1450 2405 Illius
1475 2331 1604 2408 solium
1626 2333 1724 2412 XCI.

100 2429 277 2504 columna
297 2423 450 2502 secunda
462 2421 580 2498 lineas
599 2421 712 2497 habet
726 2438 793 2520 48:
818 2419 928 2520 hujus
943 2445 1032 2500 vero
1048 2423 1177 2502 solium
1193 2427 1309 2512 idem,
1330 2429 1530 2526 eademque
1552 2431 1725 2510 columna

99 2527 216 2602 habet
238 2547 285 2618 50
305 2523 432 2598 lineas.
484 2519 630 2595 Folium
646 2517 854 2617 posterioris
874 2519 1069 2610 editionis,
1097 2524 1196 2620 quod
1211 2547 1342 2601 revera
1355 2525 1404 2602 est
1421 2527 1721 2621 CCCLXXXIX.

98 2647 167 2723 per
197 2644 361 2698 errorem
384 2617 467 2716 typi
491 2617 603 2712 habet
634 2639 830 2710 numerum
854 2617 1173 2698 CCCLXXXVII.
1237 2621 1280 2697 In
1305 2623 1426 2737 priori·
1447 2637 1536 2700 vero
1557 2627 1721 2704 editione

93 2743 214 2798 uerus
237 2717 421 2817 adpositus
448 2715 499 2791 est
520 2737 708 2792 numerus.
757 2715 934 2794 Ceterum
951 2713 1162 2816 subscriptio
1184 2717 1394 2818 posterioris
1411 2719 1523 2822 nujus
1543 2725 1719 2802 editionis

96 2821 141 2897 in
164 2819 238 2896 fine
262 2813 537 2919 Apocalypseos
556 2813 608 2890 eii
627 2811 799 2912 sequens:

472 2909 577 2988 Anno
615 2911 857 2988 incarnationis
893 2909 999 2987 diice.
1051 2911 1150 2988 Mille
1163 2938 1228 2988 nno
1265 2939 1350 3012 quu-

472 3009 725 3112 dringentestmo
762 3007 983 3109 oduogestmo.
1047 3009 1143 3087 Maii
1180 3035 1259 3087 uero
1290 3012 1350 3089 ks.

471 3131 585 3210 oduuo
610 3132 745 3210 decimo.
780 3105 858 3235 Qi
880 3133 1005 3233 infignr
1026 3137 1146 3212 ueteris
1165 3136 1288 3234 nouiq3
1315 3147 1347 3212 ie
1417 3221 1420 3232 Ι

462 3231 620 3336 punenii
671 3255 763 3330 opus.
813 3257 886 3348 epm
933 3229 1095 3312 cunonibo
1147 3233 1348 3408 euunpeidiu

462 3355 591 3543 nn
612 3328 877 3543 runnu·
901 3327 1121 3542 ,nidd
1143 3329 1350 3546 inu

465 3523 714 3722 Ἀζίζῳ
723 3525 1343 3738 ρέανῇηὲἴῃςῑψᾶὂανὲἶνοξῖᾗὲ
1484 3613 1487 3632 ’

453 3718 581 3923 pm
610 3721 754 3798 incolum
792 3720 969 3838 industrio·
986 3725 1079 3864 quiue
1111 3719 1345 3866 {digitis-

487 3845 538 3896 me
555 3816 781 3917 subresoiium
795 3819 882 3921 find
900 3820 1067 3918 fiircder.

90 4017 386 4240 Xiiiinssipgilu
406 4029 542 4262 ἓξὲξ
570 4059 652 4152 per
679 4033 924 4150 Johannem
949 4033 1108 4128 Zuiner
1144 4013 1288 4124 Ulmre
1325 4027 1536 4151 impreffa.
1580 4034 1709 4142 1480,

234 4341 349 4420 Caret
365 4342 448 4422 haec
464 4341 672 4421 Bibliorum
691 4341 807 4422 editio
830 4343 961 4433 titulo,
989 4342 1222 4435 ¹custodibuS,
1243 4340 1456 4443 signaturis,
1476 4338 1522 4422 ἀ
1535 4342 1705 4420 numeris

88 4441 275 4534 soliorum.
326 4441 478 4538 Paginae
502 4440 651 4540 singuiae
675 4442 716 4518 in
741 4445 834 4520 duas
862 4443 1053 4520 columnas
1089 4443 1263 4520 distiniiae
1291 4442 1383 4518 sunt
1455 4439 1497 4514 ln
1530 4438 1705 4536 superiori

30 4559 34 4571 ·
87 4541 257 4638 margine
288 4537 469 4623 librorum
499 4541 601 4626 tituli
627 4541 802 4642 leguntur
830 4541 998 4720 upprgffi.
1048 4541 1296 4692 vSingulorurn
1321 4539 1484 4636 capitum
1505 4537 1646 4718 inita11
1636 4552 1704 4694 no·
