3794 5028
12 1705 17 1716 ¹
152 1721 249 1798 tinet
273 1719 502 1818 praefationis
528 1721 573 1796 ab
601 1719 802 1819 interprete
826 1719 929 1796 libris
952 1719 1151 1796 Moralium

152 217 240 376 rab
391 383 393 388 ,
449 393 452 398 Ι
568 393 572 398 ¹
787 235 1112 378 ἓξὲξ..-
1100 255 1106 268 ’

146 419 374 540 aecedentes
402 443 569 560 alegate*
579 445 752 575 Jont'serr
774 483 792 538 e
816 455 926 562 proso
960 427 1128 581 exserant,
1146 443 1151 452 ¹
1167 446 1240 542 carr
1257 445 1475 582 sepriensis}
1532 455 1561 466 ”
1611 453 1765 558 cribris}

247 581 389 656 quorum
415 554 775 672 eleemonsynam
799 561 906 660 poulo
940 558 1137 676 adcurrimus
1163 588 1453 678 exommoucrom,
1469 480 1767 736 Wadfignors

159 715 171 734 .
246 651 584 854 zppogerppfiosfflffle
606 650 833 825 sorptovrfflm.
880 657 934 752 Et
953 656 1082 756 quedem
1106 671 1195 761 typis
1216 661 1345 740 ΜΕΝ
1346 657 1474 738 TELI
1511 676 1767 762 argentoraten-

417 754 452 856 β
550 775 623 826 cvr
649 764 756 829 entur.

151 943 234 1038 Ll.
272 944 527 1063 Aristotelis
565 945 614 1148 1ss
633 943 760 1036 Libri
775 947 929 1036 decern
949 948 1195 1044 moralium.
1256 951 1312 1064 a)
1337 939 1466 1071 Libii
1491 951 1595 1042 osio
1619 954 1772 1070 politi·

269 1085 437 1150 corum.
464 1129 467 1133 .
494 1057 545 1174 3)
617 1058 699 1147 ibri
732 1061 820 1148 duo
863 1063 1260 1161 oeconomicorum.
1313 1063 1562 1155 Secundum
1592 1070 1772 1160 latinam

165 1277 168 1284 Δ
259 1177 669 1290 interpretationem
698 1172 953 1264 Leonhardi
978 1169 1157 1266 Aretini
1187 1179 1249 1288 (i.
1272 1203 1313 1275 e.
1340 1177 1594 1269 Leonhardi
1613 1181 1771 1290 Bruni,

265 1287 598 1516 όίὀὶί)ᾼτεὲξηί1,
630 1287 747 1420 ¹quia
772 1289 922 1380 Aretii
962 1291 1099 1406 opido
1134 1291 1314 1381 ditionis
1339 1289 1611 1384 Florentiae
1640 1316 1771 1385 natus

269 1421 363 1494 erat
422 1427 468 1490 in
533 1426 593 1488 o.
620 1426 726 1492 min.
1325 1421 1328 1428 ·

161 1639 169 1650 ·
253 1621 297 1698 In
315 1619 438 1700 nostro
461 1615 664 1720 exemplari
683 1617 782 1698 deest
807 1619 967 1718 primum
990 1619 1120 1698 folium
1138 1620 1367 1736 impressum,
1394 1622 1492 1720 quod
1513 1621 1661 1699 initium
1683 1641 1774 1701 cori·

152 1817 293 1914 incipit‘
308 1817 436 1928 verbis·
455 1816 529 1928 illiS
554 1818 787 1929 interpretisj
815 1815 928 1930 sirpus
947 1816 1060 1918 nostre.
1076 1815 1147 1928 sug
1171 1717 1381 1892 griffi&
1399 1719 1775 1894 {Seppippcipm'ragirtlpss

155 1927 266 1990 natur
289 1913 463 1992 Praefatio
487 1935 527 1986 in
546 1911 672 1988 aversa
689 1925 792 1989 tertii
816 1913 897 1988 solii
920 1913 1074 2010 impressi
1089 1918 1225 2010 pagina
1240 1915 1338 1991 linea
1353 1939 1387 2010 3.
1468 1936 1532 1988 um
1550 1914 1681 2010 incipit
1695 1916 1773 2010 pri·

154 2005 239 2088 inus
262 2009 353 2086 liber
370 2009 588 2096 Moralium,
614 2007 674 2084 seu
689 2010 917 2084 Etliicorum.
968 2011 1067 2086 Huic
1090 2013 1212 2112 nullus
1234 2012 1386 2086 omnino
1410 2009 1587 2122 praefixus
1609 2009 1660 2088 est
1677 2009 1774 2088 titu-

154 2108 234 2184 lus:
264 2107 353 2203 quin
372 2105 410 2186 in
435 2119 515 2181 tota
536 2108 607 2182 hac
628 2105 791 2182 editione
817 2105 907 2180 nulli
929 2108 1080 2183 omnino
1099 2121 1297 2185 occurrunt
1321 2107 1420 2185 tituli
1436 2120 1501 2182 aut
1519 2107 1773 2204 inscriptiones

155 2203 217 2282 seu
238 2205 433 2291 librorum,
459 2200 518 2278 seu
534 2203 718 2301 capitum,
746 2200 806 2278 seu
819 2201 1068 2299 epistolarum,
1095 2203 1142 2280 de
1163 2205 1294 2303 quibus
1311 2204 1372 2280 suo
1391 2203 1485 2280 loco.
1535 2205 1686 2282 Initium
1702 2207 1774 2302 igi·

154 2301 277 2380 tur&
299 2297 382 2376 linis
403 2301 567 2397 capitum
593 2313 704 2398 atque
730 2298 908 2375 libroruin
926 2298 999 2376 solo
1023 2301 1137 2396 spatio
1161 2325 1299 2387 vacuo,
1327 2301 1425 2398 quod
1444 2302 1773 2398 typographus're·

156 2399 284 2496 liquit,
309 2395 614 2477 internoscuntur.
663 2397 801 2474 Desunt
815 2397 929 2472 etiarn
942 2399 1065 2474 ubivis
1079 2399 1215 2476 litterae
1237 2399 1417 2484 initialem
1442 2397 1626 2486 custodes,
1653 2397 1773 2496 signa·
1887 2453 1888 2456 ,

156 2509 273 2582 turae,
286 2491 517 2596 'paginarum
542 2493 697 2570 numeri.
773 2493 1010 2570 Charafteres
1036 2497 1225 2592 gothicam
1253 2495 1389 2570 habent
1412 2494 1589 2582 sormam,
1609 2495 1770 2591 suntque

155 2593 270 2670 iidem
292 2593 463 2680 omnino,
489 2612 583 2689 quos
611 2590 656 2666 cl.
674 2589 1002 2687 Steigenbergerus
1019 2598 1053 2668 iii
1069 2593 1264 2686 literorlsispz
1279 2593 1436 2684 lriilsdpoi
1450 2593 1673 2689 &hiantium
1693 2591 1773 2668 iiber

156 2697 205 2764 ule
220 2711 287 2784 pino
309 2690 492 2783 oietlinltr
535 2688 670 2764 obruisti
693 2687 827 2784 brucsele
843 2687 973 2768 ‘liliola
989 2709 1031 2766 ir.
1053 2687 1141 2766 Tab.
1158 2689 1185 2765 I.
1209 2714 1245 2764 n.
1262 2713 1296 2786 3.
1312 2689 1350 2766 &
1364 2713 1400 2785 4
1425 2689 1491 2765 aeri
1508 2687 1647 2763 incisos
1664 2689 1773 2764 exiri.-

155 2787 238 2871 bet‚
263 2785 304 2864 &
323 2785 500 2885 Johannis
512 2713 684 2862 ilentelii
702 2783 771 2860 else
784 2785 966 2882 'probavit
986 2807 1068 2883 pag.
1089 2811 1144 2892 ip.
1161 2785 1201 2864 δι
1218 2797 1277 2861 2'0.
1329 2786 1469 2861 Praeter
1495 2784 1665 2882 punstum
1687 2785 1771 2860 nui·

156 2882 234 2960 lum
260 2884 421 2958 occurrit
446 2881 749 2979 interpunliionis
775 2881 928 2980 signum.
980 2883 1119 2960 Charta
1141 2883 1192 2959 est
1215 2881 1433 2967 firmiliIma,
1462 2883 1544 2958 alba
1565 2897 1707 2968 tamen,
1733 2881 1775 2959 ἀ

156 2979 314 3094 munda,
342 2979 381 3092 in
404 2979 753 3090 quatypographus
776 2977 1011 3093 amplissimos
1036 2981 1403 3094 reliquitmargines.
1464 2979 1604 3092 IJagina
1627 2978 1771 3089 quaevis

156 3075 1771 3286 {ltsiltliillllillupsallensis..llfllelllessellis&

155 3269 315 3441 sepuitor
332 3283 544 3378 interpretis
561 3270 608 3344 ad
624 3269 761 3366 Papam
777 3269 955 3366 Epistola,
983 3289 1055 3366 qua
1071 3271 1192 3347 eidem
1212 3270 1325 3348 hbros
1342 3271 1541 3348 Moralium
1562 3267 1771 3344 Aristotelis

156 3390 181 3444 a

157 3465 383 3564 primantur‚
410 3464 514 3541 illum
538 3476 663 3538 tamen
695 3463 898 3538 Martinam
913 3462 959 3542 V.
983 3465 1081 3540 hunc
1109 3465 1204 3541 vero'
1227 3465 1461 3541 Leonmdum
1485 3460 1682 3538 Aretinum
1703 3461 1774 3536 else

158 3577 206 3640 ex
227 3573 407 3637 contextu
432 3561 603 3658 Epistolae
625 3557 710 3635 satis
733 3560 930 3674 colligitur.
1010 3561 1066 3637 Ita
1086 3563 1185 3638 enirn
1206 3562 1304 3639 inter
1329 3562 1403 3637 alia
1423 3563 1606 3656 interpres
1630 3558 1771 3633 scribit:

162 3655 214 3733 Cri
233 3681 295 3757 per
315 3667 459 3753 uococo3
481 3659 597 3755 opl'ice
609 3654 701 3753 sedis
724 3681 796 3764 nup
819 3683 854 3731 m
878 3661 1008 3760 cisliitr'l
1020 3685 1031 3731 i
1056 3659 1195 3734 concisio
1205 3656 1271 3758 sub
1287 3667 1384 3734 acutii
1408 3660 1461 3756 spii
1487 3667 1612 3756 quoque
1635 3653 1678 3730 ab
1700 3657 1773 3753 offi·
1840 3697 1843 3702 ·

158 3755 210 3834 cio
230 3751 318 3852 quod
337 3755 372 3827 in
391 3757 490 3828 curio
517 3751 627 3854 pstore
645 3750 796 3852 consuetu
818 3779 971 3830 aucorem
1010 3755 1058 3830 οἐ.
1134 3756 1228 3832 Haec
1267 3779 1336 3832 ane
1355 3755 1450 3830 dieta
1473 3778 1495 3827 o
1521 3754 1613 3828 time
1634 3773 1772 3828 conve·

159 3851 268 3931 iiiunt
290 3851 484 3931 Leonardo
511 3848 692 3938 Aretino,
719 3851 782 3948 qui
806 3852 893 3928 inde
914 3855 959 3926 ab
982 3875 1079 3926 anno
1101 3874 1203 3950 1405.
1225 3853 1323 3952 apud
1347 3853 1470 3950 plures
1494 3775 1654 3926 summm
1677 3871 1772 3946 pou·

159 3947 280 4028 tisices
303 3946 366 4026 libi
379 3948 620 4025 'succedentes
650 3947 849 4026 secretarii
875 3949 1052 4024 Brevium
1080 3970 1232 4026 munere
1257 3949 1324 4026 furi
1350 3947 1497 4034 ebann.
1533 3945 1574 4023 δι
1597 3945 1774 4022 Constan-

157 4043 264 4128 tiensi
283 4043 440 4157 concilio
461 4067 554 4158 cum
569 4043 733 4143 Jolianne
760 4047 893 4122 XXIII.
916 4045 1074 4146 praesens
1104 4047 1249 4134 aderat,
1278 3971 1409 4121 eogem
1438 4055 1564 4122 autern
1587 4038 1771 4154 deppsito.

159 4145 201 4224 iit
216 4145 379 4224 Martiae
391 4133 438 4219 V.
458 4165 499 4220 in
523 4164 602 4238 ejus
624 4141 746 4223 iocum
769 4141 956 4218 substituto
980 4141 1369 4246 sedernapostolicarn,
1408 4139 1517 4237 seque
1540 4139 1634 4216 adeo
1657 4161 1670 4251 p
1697 4136 1775 4214 sum

160 4241 209 4318 ab
231 4239 470 4336 officim-quo
494 4240 591 4335 apud
611 4239 816 4410 {ohannem
829 4239 962 4319 XXIII.
986 4237 1159 4320 hellenus
1180 4241 1418 4336 fungebatur,
1446 4257 1672 4312 vacareveri
1699 4257 1773 4310 nne

161 4350 309 4449 ppterat
331 4333 536 4412 adfirmare.
631 4361 653 4409 n
677 4339 796 4436 prima
817 4331 951 4436 pagina
971 4337 1052 4412 solii
1077 4333 1232 4432 impressi
1252 4332 1620 4430 ostiiagesuni‘otiavi
1642 4330 1778 4427 incipit

164 4433 331 4529 ejusdem
350 4433 533 4509 Leonardi
559 4426 704 4514 Aretini
728 4433 897 4530 praefatio
923 4435 961 4512 in
984 4433 1097 4508 libros
1107 4431 1353 4605 politicorum
1370 4429 1578 4504 Aristotelis
1601 4425 1673 4500 ase
1690 4427 1778 4502 leti·

1132 4553 1190 4606 ein
1207 4531 1342 4630 pagina
1365 4527 1463 4606 linea
1479 4530 1534 4604 26.
1586 4523 1679 4600 Tuin
1697 4527 1773 4619 pri·

162 4554 211 4610 ue
233 4527 368 4620 farios,
394 4552 477 4632 quae
502 4529 720 4608 terminatur
734 4531 773 4610 in
787 4529 910 4608 aversa
924 4529 1004 4606 solii
1025 4527 1104 4630 ejus

961 4671 965 4676 -
1640 4641 1725 4698 iiius

207 3367 355 3443 elatine
371 3367 492 3443 versos
508 3365 626 3441 olsert.
677 3367 856 3456 Quamvis
874 3389 964 3442 vero
978 3391 1047 3443 nec
1062 3369 1191 3465 Papae,
1217 3391 1286 3444 nec
1303 3367 1516 3466 interpretis
1534 3367 1685 3440 nomina
1700 3389 1768 3440 ex·
1886 3375 1887 3380 '
