3788 5034
143 424 210 500 vix
245 443 319 498 non
355 422 545 500 dimidiam
577 420 833 519 typographus
864 445 1019 502 vacuam
1052 423 1237 524 reliquiae:
1260 437 1302 504 at
1321 448 1410 506 uero
1433 429 1474 508 in
1497 425 1746 508 Mentelliani's

143 521 405 598 Praefationem
428 521 606 618 primam,
620 519 759 608 ,relisio
786 517 898 615 spatio
919 521 1120 614 admodinn
1140 523 1275 619 exiguo
1301 523 1422 601 statim
1443 527 1525 620 exci
1552 527 1581 603 it
1606 525 1744 606 Praesae

143 617 197 693 tio
221 617 384 695 secunda.
440 617 529 693 inde
551 639 640 710 vero
661 640 684 691 a
704 616 914 692 Proverbiis
937 616 1146 696 Salonmnis
1165 622 1214 696 ad
1234 619 1345 716 hnem
1371 614 1488 722 usque
1518 550 1747 700 'ihrenorum'

139 714 310 814 Jeremiae
334 714 585 811 typographus
604 712 785 806 inBibliis
801 713 1030 808 Moguntinis
1046 730 1191 792 tantum
1214 717 1405 812 sexaginta
1418 732 1592 833 quatuor:
1614 743 1746 814 argen-

143 811 292 888 tinensis
319 824 444 886 autem
465 809 719 907 typographus
741 807 927 906 sexaginta
941 810 1013 896 sex
1041 813 1220 908 impendit
1246 813 1356 890 solia:
1383 817 1482 892 Hinc
1506 816 1747 912 intelligitur,

143 932 209 988 cur
224 907 345 983 Biblia
361 907 581 1004 Moguntina
598 903 698 990 soliis
718 903 882 982 constent
903 907 1078 1004 impressis
1102 921 1248 986 tantum
1264 937 1347 1008 403.
1371 909 1635 1008 argentinensia
1657 935 1747 986 vero

138 1027 226 1106 405.
273 1003 494 1100 intelligitur
514 1003 646 1090 etiaim
671 1025 744 1100 qua
765 1001 908 1102 ratiqne
926 1001 1067 1100 ‘sublata
1090 1006 1280 1083 ambarum
1305 1007 1510 1103 editionum
1528 1009 1641 1084 suerit
1659 1007 1746 1084 har·

142 1101 285 1189 monia,
311 1122 394 1196 quae
416 1099 532 1176 finitis
558 1099 700 1174 threnis
723 1089 897 1197 Jeremiae'
913 1123 936 1174 a
953 1099 1046 1176 libro
1062 1099 1216 1178 Baruch
1236 1099 1372 1178 iterum
1392 1104 1541 1203 incipit,
1579 1105 1619 1182 δι
1636 1103 1684 1180 ad
1701 1102 1744 1180 fi-

143 1222 229 1277 nem
248 1220 385 1294 usqne,
410 1198 523 1272 modo
551 1195 657 1293 supra
678 1194 881 1290 explicato,
910 1195 1167 1284 continuatur,
1192 1222 1274 1274 raro
1301 1189 1500 1276 admodum
1525 1202 1742 1297 interrupta
1803 1253 1808 1261 -

8 1383 9 1388 p
142 1298 290 1387 Primus
309 1295 404 1371 lianc
422 1295 614 1394 utriusque
631 1292 806 1369 editionis
823 1291 1053 1370 harmoniam
1069 1294 1265 1372 observasse
1277 1295 1423 1373 videtur
1431 1291 1487 1374 Cl'.
1495 1297 1637 1376 Panzer
1645 1297 1669 1374 1.
1678 1298 1740 1372 cit.

240 1487 377 1570 Carent
396 1485 477 1562 haec
500 1505 644 1582 quoque
664 1483 787 1562 Biblia
810 1483 938 1573 titulo,
973 1485 1108 1574 litteris
1130 1485 1355 1576 initialibus,
1378 1489 1580 1575 soliorum,¹
1592 1487 1746 1658 pagina·¹

141 1601 302 1687 rumque·
316 1582 496 1669 numeris,
523 1579 550 1658 si
575 1582 736 1667 naturis,
768 1581 994 1668 custodibus,
1016 1581 1170 1680 aliisque
1194 1585 1349 1660 rubricis
1374 1581 1558 1682 impressis.
1670 1597 1744 1660 tta-

144 1710 230 1767 men
266 1683 409 1789 litteras
456 1606 638 1768 initiaies,
683 1678 857 1756 soliorum
899 1679 1132 1776 capitumque
1169 1678 1391 1776 singulorum
1423 1701 1596 1757 numeros
1631 1680 1742 1754 rubro

143 1783 368 1950 plerumqugs
378 1778 582 1947 caersuleove
604 1776 726 1853 colore
746 1776 939 1864 miniator,
966 1775 1014 1852 ad
1031 1789 1180 1876 curatqs
1202 1777 1303 1866 sane,
1331 1777 1369 1855 dr
1388 1779 1479 1854 artis
1497 1777 1569 1855 suae
1588 1777 1743 1876 peritus,

51 1905 53 1908 ’
144 1881 324 1976 ubiquea
361 1876 492 1972 cripit.

243 2065 496 2164 Plagularum,
524 2087 677 2162 quarum
699 2063 814 2139 altera
837 2061 943 2140 alteri
964 2065 1097 2142 inserta
1126 2067 1197 2156 est,
1234 2047 1414 2144 fasciculis
1437 2051 1529 2167 opus
1555 2070 1746 2165 integrum

146 2166 285 2246 conliat
306 2191 364 2263 40.
389 2163 560 2260 foliisque
583 2159 756 2258 impressis
779 2185 863 2258 405.
887 2160 1046 2238 fasciculi
1067 2187 1194 2240 omnes
1216 2166 1401 2276 quinterni
1419 2165 1518 2254 sunt,
1545 2165 1747 2264 decemque

147 2263 312 2356 constant
333 2261 432 2370 foliip
463 2257 653 2372 impressis,
692 2258 740 2333 iis
763 2256 876 2334 solum
896 2261 1082 2356 exceptis,
1108 2283 1201 2432 quos
1222 2285 1299 2358 pam
1322 2257 1479 2357 singulos
1498 2264 1741 2345 enumerabo.

147 2362 322 2456 Sexte'rn’i
337 2369 338 2374 ’
356 2355 624 2448 [υυϊΐειῑειειιὴ
657 2381 687 2431 1.
714 2380 768 2430 11.
795 2378 849 2448 15.
874 2379 931 2432 20.
954 2355 993 2433 δι
1019 2382 1079 2451 30.
1125 2357 1239 2434 olium
1267 2357 1426 2455 fasciculi
1459 2357 1742 2471 15.{'ultimum,
1809 2435 1816 2446 ,

147 2459 318 2536 columna
337 2449 501 2554 ejusdem
529 2454 610 2529 folii
639 2449 811 2537 secunda,
851 2451 950 2528 linea
977 2476 1064 2528 vero
1099 2479 1154 2532 12.
1187 2455 1321 2542 librum
1342 2452 1535 2532 ,Nehaniae
1555 2457 1742 2532 terrrn'nat.

146 2557 255 2646 Quod
274 2553 424 2650 supe-rest
445 2551 553 2647 liujus
574 2549 651 2624 solii
672 2548 845 2646 spatium,
872 2572 1029 2624 vacuum
1048 2549 1108 2626 est.
1168 2553 1344 2640 Quaterni
1367 2551 1470 2638 siunt,
1492 2553 1531 2630 dt
1554 2551 1633 2628 osto
1653 2577 1743 2630 con·

146 2653 241 2731 stant
262 2651 361 2728 soliis
380 2647 554 2746 impressis
580 2643 738 2724 fasciculi
756 2671 810 2722 10.
833 2645 871 2724 ὅ(
893 2671 951 2743 34
977 2645 1067 2722 solio
1089 2649 1222 2744 prioris
1241 2647 1373 2724 iduma
1394 2649 1565 2726 colunma
1588 2675 1620 2726 2.
1643 2649 1743 2726 linea

147 2777 205 2848 gi.
227 2747 402 2824 secundus
421 2748 511 2821 liber
534 2746 679 2840 Regum
699 2743 927 2818 terminatur.
955 2787 958 2794 .
977 2741 1181 2824 Fasciculus
1205 2749 1238 2820 ό.
1254 2743 1426 2822 undecim
1450 2768 1506 2840 25.
1522 2747 1744 2840 quatuorde-

146 2847 238 3020 ffirtii,
264 2870 322 2938 aq.
347 2866 500 3014 novim’
524 2837 888 3012 {applifflierffiefgpiliiis
904 2835 1108 3012 riiilnnparessiffn
1108 2839 1283 2938 constant.
1332 2839 1508 2922 Fasciculi
1526 2864 1581 2936 25.
1610 2841 1746 2958 solium

96 3063 98 3070 ’
147 2963 521 3148 61αὲἓὶιῖφῆΞὲἒῇ
536 2960 645 3148 huejiis
669 3032 749 3107 solii
769 2959 950 3145 reliquium
972 2937 1745 3145 vicumaeffleropgffffiffigegosfojffieumstiia

147 3164 211 3216 rno
247 3137 489 3240 columnassjq
526 3133 626 3209 linea
650 3133 707 3206 62.
734 3113 931 3238 Prophetia
957 3129 1149 3208 Malachiae
1180 3133 1408 3210 terminatur.
1482 3060 1617 3234 grona,
1644 3133 1743 3219 dixi,
1867 3191 1876 3208 .

147 3223 429 3314 sexaeesima'sd'
447 3233 474 3333 ,-
491 3230 547 3304 da.
596 3227 691 3304 Nam
712 3227 789 3302 solii
817 3228 924 3323 hujus
947 3226 1128 3326 columnae
1152 3229 1314 3324 gtia,&
1329 3240 1486 3326 quarta,
1514 3227 1573 3302 sau
1596 3231 1743 3324 paginae

148 3293 283 3409 aversae
317 3330 498 3424 columitas
531 3326 669 3425 prima,
710 3324 747 3400 di
781 3321 935 3398 secunda
969 3321 1085 3399 lineas
1116 3321 1404 3422 compleituiitur
1431 3323 1616 3420 sexaginta
1636 3325 1741 3410 duas.

148 3431 231 3506 Hoc
254 3423 466 3518 anamind‘f
480 3424 578 3592 quod
599 3423 723 3505 sciam,
749 3419 921 3494 hasienus
949 3418 1177 3496 observatum
1197 3419 1257 3497 est.
1275 3417 1278 3424 ’
1333 3407 1524 3508 (ἷοῖιὶιῃῃεε
1542 3421 1641 3494 enim
1655 3423 1743 3498 reli-

149 3547 250 3626 quae,
278 3507 469 3692 siinteffdae
501 3534 587 3606 unt,
614 3522 654 3594 in
670 3517 833 3592 totohoc
856 3539 965 3612 opere
982 3540 1054 3591 non
1077 3515 1141 3591 nili
1156 3523 1214 3593 61.
1229 3507 1345 3592 lineas
1366 3513 1512 3592 habent.
1543 3515 1741 3610 ..Fasciculi
1786 3541 1788 3546 ·

149 3647 208 3722 35.
222 3621 352 3698 folium
370 3617 561 3700 utimum,
587 3613 691 3712 cujus
707 3613 876 3689 columna
888 3625 1034 3710 quarta,
1055 3613 1093 3689 ὃ(
1105 3614 1201 3688 linea
1212 3615 1342 3690 itidem
1359 3613 1744 3713 4taJohannisEvan·

149 3721 286 3820 geliinu
298 3717 491 3802 terminat,
510 3716 548 3789 in
564 3713 682 3788 nostro
699 3711 846 3806 quidein
861 3709 1061 3807 exemplari
1077 3711 1214 3807 excipit
1226 3710 1356 3786 solium
1366 3734 1532 3788 vacuum.
1575 3709 1745 3788 Vacuitm

175 3841 294 3914 uoque
308 3813 374 3900 est,
402 3812 501 3910 quod
518 3807 669 3907 superest
691 3807 833 3882 infolio
857 3807 1006 3894 eodem,
1033 3805 1205 3904 spatium,
1233 3805 1338 3882 finito
1352 3807 1526 3919 Joliannis
1539 3809 1742 3904 evangelio.

150 3843 387 4012 ipocalypsis
411 3909 628 3986 terminatur
649 3903 807 3978 fasciculi
829 3911 887 4000 40'.
912 3903 1002 3976 solio
1024 3927 1066 3998 5,
1094 3903 1265 3980 columna
1284 3929 1318 4016 Δ(
1340 3903 1435 3980 lmea
1462 3930 1516 4003 17.
1572 3907 1663 3990 Quae
1690 3905 1743 3979 su-

149 4011 295 4112 persunt
316 4004 583 4105 quinternionis
612 4002 712 4077 istius
758 4001 893 4096 uinque
919 3999 1007 4074 solia
1033 3999 1257 4074 Psalmorum
1285 4001 1413 4074 titulos
1438 4000 1744 4096 complesiuntur,

52 4120 54 4128 ’
149 4128 192 4187 ut
220 4110 259 4184 in
284 4104 416 4193 Bibliis
437 4097 676 4198 Moguntinis.
763 4111 849 4192 tque
864 4097 943 4172 haec
965 4097 1071 4192 plane
1095 4095 1294 4182 sufficiunt,
1318 4109 1360 4172 ut
1380 4097 1504 4174 Biblia
1528 4096 1593 4194 ista
1620 4097 1759 4172 distin.

149 4210 214 4307 qui
233 4205 278 4282 ab
304 4202 387 4278 aliis
408 4199 631 4277 editionibus
652 4193 820 4270 omnibus
841 4191 979 4290 possint.
1646 4261 1655 4280 ⁶

246 4398 301 4475 Cl.
325 4395 465 4490 Panzer
482 4391 550 4465 loo.
567 4390 628 4463 cit.
653 4387 839 4472 adfirmat,
864 4389 903 4461 in
924 4397 1079 4482 utraque
1095 4384 1300 4484 Bibliorum
1318 4387 1478 4462 editione
1490 4398 1567 4461 tani
1587 4386 1745 4480 Mogun·

148 4500 248 4583 titia,
274 4513 384 4594 qnam
404 4483 644 4586 argentinensi
666 4485 825 4562 Psalmos
846 4482 1004 4560 inveniri
1030 4493 1198 4574 centum,
1235 4483 1274 4560 δι
1299 4483 1486 4577 sexaginta
1511 4481 1675 4593 septe'm,
1701 4481 1743 4556 si·

1073 4629 1084 4640 ·
1404 4637 1406 4642 ν
1500 4667 1503 4672 .
1604 4601 1697 4673 qui·
