3788 5034
685 334 687 342 ψ
729 241 1067 378 Aah·
1652 267 1712 382 ⁶³²

96 455 208 552 ixi.
245 443 540 576 lirareresrfir:
567 458 692 574 (sic)
723 451 906 576 Phifics:
943 455 1201 552 Tractaras:
1231 455 1326 550 Da:
1350 443 1560 550 Comitis:
1595 457 1706 550 lats·

202 570 352 686 pia·
382 574 428 663 in
453 607 495 686 4.
518 601 633 664 anno
660 601 785 688 1474.
807 577 893 665 sine
915 595 1022 664 notu
1043 577 1136 667 loci
1159 575 1203 666 llr
1227 575 1509 692 typographi.

188 781 283 869 Quae
311 780 423 856 modo
447 780 621 870 recitavi,
649 779 873 857 verbotenus
896 780 1069 878 leguntur
1085 781 1302 878 capitalibus
1321 781 1487 878 impressa
1507 781 1643 860 litteris
1666 783 1707 862 in

90 877 211 953 sronte
239 879 370 975 primae
392 878 502 975 primi
525 879 605 954 solii
631 876 786 976 impressi
808 876 965 974 paginae.
1014 875 1172 966 Auslnr,
1195 880 1242 954 de
1267 903 1339 976 quo
1361 905 1437 954 non
1458 880 1594 968 habeo,
1621 903 1704 980 quae

89 976 233 1061 dicam,
259 997 353 1072 opus
375 974 477 1050 suum
501 974 541 1050 in
566 976 658 1050 duas
685 989 811 1088 partes
834 973 967 1062 divisit,
1053 973 1095 1051 ln
1122 976 1241 1088 prima
1262 976 1341 1072 agit
1368 977 1413 1052 de
1439 978 1617 1066 cometis,
1645 999 1706 1052 ea·

93 1093 175 1145 rum
210 1071 467 1185 generatione,
507 1070 643 1166 figura,
686 1069 829 1148 influxu
860 1069 931 1148 &c
967 1071 1189 1243 geperatim!
1230 1085 1275 1187 'at'
1292 1071 1454 1246 Σιιαηιίὲ
1451 1167 1486 1245 C
1483 1073 1618 1247 griffi
1625 1075 1663 1150 E
1672 1100 1705 1246 I:

93 1166 582 1376 *ir-arietem
596 1165 1003 1363 rarissimam
1024 1169 1447 1380 ,tartarizein
1471 1229 1624 1365 ,aar
1652 1227 1704 1344 le:

92 1378 240 1456 guntur.
292 1361 377 1435 Fuit
401 1361 524 1436 auster
546 1386 675 1438 eorum
700 1375 748 1440 ex'
774 1386 949 1450 numero,
975 1385 1038 1459 qui
1066 1363 1224 1440 multum
1246 1365 1453 1442 tribuerunt
1475 1379 1705 1442 cometarum

93 1459 261 1533 inlluxui.
325 1457 475 1534 Constat
494 1480 587 1553 opus
608 1459 794 1556 integrum
816 1459 934 1535 tribus
956 1460 1187 1556 plagulamm
1210 1460 1411 1548 fasciculis,
1440 1485 1594 1558 quorum
1629 1464 1703 1560 pri·

14 1619 16 1642 ,
92 1579 174 1630 mus
199 1556 239 1632 &
264 1555 415 1639 tertius,
444 1553 602 1630 sexterni
627 1556 725 1642 sunt,
762 1555 939 1664 secundus
964 1569 1087 1634 autem
1115 1559 1344 1656 quinternus.
1410 1560 1524 1636 Primi
1545 1559 1705 1636 fasciculi

93 1653 272 1748 primum,
298 1652 336 1728 δι
358 1651 459 1726 tertii
480 1651 659 1765 ultimum·
678 1653 768 1728 folia
784 1651 868 1765 suut
891 1677 1019 1731 vacua.
1075 1655 1257 1752 Inprima
1273 1655 1368 1768 ‘folii
1388 1656 1582 1753 penultimi
1601 1657 1705 1758 pagi·

94 1773 141 1836 na
162 1750 213 1826 ad
242 1747 384 1825 calcem
402 1771 523 1846 operis
547 1749 683 1826 litteris
712 1774 756 1826 ca
774 1750 930 1862 ytalibus
961 1751 1041 1828 haec
1072 1751 1243 1848 leguntur
1271 1753 1457 1852 impressa:
1596 1783 1601 1794 ·

196 2038 206 2056 ο
376 1938 503 2018 Anno:
523 1942 682 2020 Domini:
704 1845 1297 2020 ΜιὲθὲῗῐὶἒὲἕΗΠεΗαηκ
1318 1943 1424 2059 Auri.
1591 2042 1605 2118 l
1676 2045 1684 2062 ι

95 2037 366 2248 aliisallis
396 2037 1288 2252 sllsslilrsrrfftsassessus
1309 2043 1707 2254 &sturmis
1740 2209 1744 2216 ,

98 2231 202 2308 Aurl.
230 2256 269 2308 in
295 2230 387 2310 libro
413 2231 462 2310 ad
489 2257 574 2310 ann.
605 2260 621 2310 1
652 2260 708 2336 73.
740 2233 787 2312 N.
815 2161 860 2311 ll.
891 2235 1082 2333 descripto.
1158 2238 1250 2324 Quis
1279 2260 1368 2312 vero
1393 2250 1547 2334 uterque
1572 2239 1702 2326 suerit,

98 2330 256 2405 necdum
276 2329 368 2404 mihi
390 2330 564 2406 innotuit
598 2259 791 2443 ‘lleterum
808 2331 1050 2418 chararteres,
1101 2333 1207 2410 uibus
1227 2333 1435 2430 impressum
1447 2334 1498 2412 est
1514 2335 1584 2409 hoc
1599 2359 1704 2431 opus,

97 2426 176 2504 sunt
199 2427 380 2511 rotundi,
396 2427 525 2504 charta
545 2427 629 2504 satis
657 2427 782 2515 firma,
807 2429 846 2508 δι
875 2431 967 2506 alba.
1032 2355 1169 2543 Drllunt
1191 2429 1377 2543 custodes,
1403 2429 1613 2528 signaturae,
1635 2455 1704 2544 pa·

98 2527 269 2621 ginarum
289 2523 490 2603 numeri&
516 2525 788 2623 inscriptiones..
831 2525 986 2604 Litterae
1009 2551 1098 2602 vero
1121 2527 1282 2604 initiales
1312 2528 1438 2604 desunt
1462 2541 1608 2603 tantum
1633 2529 1756 2604 ini-X

99 2625 151 2696 tio
175 2623 320 2719 operis,
344 2643 512 2698 necnon
536 2621 644 2697 initio
671 2623 855 2719 capitum,
889 2623 950 2699 seu
970 2624 1210 2700 articulorum
1231 2626 1362 2721 primae
1382 2625 1519 2722 partis,
1544 2627 1606 2701 ubi
1626 2629 1704 2722 agi·

99 2737 157 2890 plur
193 2715 298 2888 1)lde
320 2719 515 2814 generibus
542 2715 898 2892 corsnettarumsagne
920 2723 1447 2894 gelefasl⁰sesst⁰¹¹l⁸tafll¹mzt
1470 2721 1521 2894 Εἴ
1534 2723 1573 2796 ἱη
1587 2724 1705 2895 trtibus

125 2841 200 2890 rsce
239 2837 317 2889 ocis
384 2835 567 2912 pograpus
631 2839 749 2891 aium
793 2839 865 2891 ais
891 2839 953 2891 am
990 2842 1055 2893 um
1081 2842 1195 2894 mima
1213 2841 1268 2892 ori
1299 2843 1337 2894 re
1354 2840 1465 2916 iqui:
1524 2844 1548 2893 n
1570 2845 1613 2895 ce
1631 2843 1705 2896 eris

100 2936 185 2988 vero
205 2910 283 3009 ipse
300 2827 534 3008 inllusculas,
560 2837 629 2988 vel
643 2912 820 3010 capitales
850 2841 1025 3009 adpellit.
1097 2915 1182 2994 Non
1207 2915 1378 3004 memini,
1402 2912 1512 3015 hujus
1535 2919 1657 3016 operis
1683 2939 1707 2993 a

102 3033 286 3110 quoquam
304 3009 568 3108 Bibliographo
591 3007 725 3116 fastam
747 3008 817 3088 else
838 3010 1075 3090 mentionem.

105 3235 246 3328 llllll.
295 3239 460 3440 Αηᾶεἰί
501 3240 557 3328 de
594 3239 781 3331 Ubaldis
813 3240 1022 3352 Perusini,
1058 3243 1371 3359 ,Jurisconsulri
1411 3243 1705 3354 celeberrimi,

212 3350 373 3486 1)Le·
402 3349 615 3468 urasuper
643 3359 919 3447 authenticis.
973 3362 1025 3471 2)
1056 3359 1266 3471 Ejusdem
1296 3357 1528 3449 'sraclatus
1555 3363 1610 3447 de
1637 3361 1707 3449 ln-

204 3489 422 3600 ventario.
478 3468 529 3584 3)
555 3465 733 3602 Nicolai
765 3474 821 3561 de
847 3471 1033 3604 llbaldis
1066 3473 1251 3606 Perusini
1274 3473 1592 3608 Traclatusue
1617 3469 1708 3562 suc-

209 3577 550 3827 islsssllllsrsl'
569 3584 1710 3816 lttrstltalalrlatstltrrussulas?

209 3835 336 3898 rium.
381 3807 544 3910 ,Romae
576 3835 673 3899 ann.
699 3838 825 3928 1474,
855 3813 901 3902 in
931 3809 972 3902 F
975 3816 1035 3903 ol.
1059 3841 1201 3924 magn.

205 4022 339 4098 Omnia
353 4023 434 4100 haec
458 4046 569 4121 opera
590 4021 748 4122 juridica
763 4026 843 4102 sunt
865 4027 996 4102 eodem
1012 4027 1235 4115 charallere,
1260 4053 1411 4105 romano
1429 4029 1620 4114 nimirum,
1648 4015 1726 4106 eo·'

112 4121 324 4216 queminus
348 4122 477 4218 pingui
501 4121 677 4216 impressa.
702 4171 703 4176 Ν
728 4123 866 4200 Charta
888 4125 1000 4200 etiam
1017 4125 1058 4200 in
1080 4128 1249 4201 omnibus
1269 4129 1399 4204 eadem
1421 4129 1482 4204 est.
1534 4130 1711 4217 Quamvis

111 4217 220 4310 igitur
246 4219 320 4292 duo
343 4219 467 4314 priora
492 4240 604 4313 opera
630 4219 786 4318 separari
810 4246 832 4296 a
854 4221 1004 4316 reliquis
1031 4213 1181 4319 potnit,
1218 4225 1257 4302 δι
1277 4224 1372 4299 forte
1394 4225 1502 4321 paulo
1522 4238 1608 4301 ante
1630 4226 1711 4302 haec

14 4367 15 4372 ,
115 4313 303 4410 separatim
322 4314 461 4389 fuerint
484 4315 654 4392 vendita:
693 4319 866 4394 videntur
902 4334 1026 4394 tamen
1055 4345 1104 4394 ex
1130 4322 1259 4396 eadem
1283 4323 1526 4419 typographia
1547 4347 1623 4398 non
1648 4319 1712 4398 diu

14 4439 16 4488 t
113 4410 267 4488 alterum
284 4409 361 4506 post
385 4410 542 4488 alterum
573 4413 752 4508 prodiisse.
803 4415 967 4492 Lestuiae
992 4415 1094 4511 super
1119 4418 1340 4496 authenticis
1364 4418 1542 4512 praemissa
1563 4417 1612 4496 est
1636 4421 1714 4497 edi·
1879 4489 1880 4502 ,

14 4501 16 4650 ,
115 4509 223 4596 toris,
250 4505 371 4584 nescio
396 4504 522 4613 cuius,
546 4509 736 4606 praefatio,
764 4535 812 4586 ex
834 4535 906 4610 qua
922 4511 1125 4610 colligitur,
1151 4516 1308 4616 primam
1322 4516 1416 4592 lianc
1431 4513 1499 4592 else
1514 4515 1614 4594 istius
1631 4539 1717 4628 npe-
1879 4509 1880 4596 ἶ

14 4669 15 4684 ,
1622 4635 1674 4688 ris
