3832 5030
987 237 991 240 ·
1466 216 1486 260 ὗ

161 283 259 390 tet
804 241 1140 398 ΑΒ

167 451 266 535 anno
285 471 375 572 1435
403 437 487 530 non'
498 447 641 568 'adjetio
661 451 817 530 nomine
826 407 1051 566 typographi
1067 451 1183 532 latiae.
1199 479 1211 564 j
1235 451 1341 528 ldem.
1354 454 1496 565 pageqr·
1502 473 1536 548 5
1551 421 1633 552 qao.
1650 453 1690 532 dr
1701 479 1784 552 43⁰·

163 579 236 634 aec
258 569 334 632 uon
346 551 514 666 20rlandr
538 573 701 663 pagqot
718 549 756 628 dt
773 549 1327 664 122tresexcrtaruntlibros(
1344 575 1367 625 a
1390 551 1528 626 nostris·
1540 553 1784 666 typographis

87 677 93 687 ’
168 652 378 766 impressam
402 671 578 738 mmrrum
600 648 789 728 Gurdonts
805 649 853 722 de-
869 662 1004 761 ‘monte
1031 648 1205 733 llochonr
1228 648 1472 745 lllampulum
1487 662 1718 764 curatorum,
1745 651 1784 764 sla

159 750 427 863 -Btbha-latma
449 771 545 862 anno
571 745 814 859 143aexcusa
832 744 1069 844 llrgentmae,
1097 769 1165 821 nec
1189 769 1263 820 non
1286 747 1322 821 la
1353 745 1388 820 T
1383 745 1554 834 radatirau
1579 747 1630 822 du
1652 749 1784 862 hirrorr

171 849 218 924 de
237 849 272 924 la
285 871 352 925 ute
373 848 545 922 humame
567 841 678 920 Paris.
702 858 805 940 1482.
856 843 1020 941 Uterque
1042 845 1193 918 eosdem
1218 845 1471 941 typographos
1494 845 1665 941 Lugdum
1694 868 1785 942 quo·

169 971 242 1119 Zue
271 945 374 1028 libris
404 943 632 1026 excudendis
652 963 801 1040 operam
828 940 987 1054 dedisse.
1007 939 1184 1037 ignorasse
1208 942 1391 1047 videntur.
1443 942 1560 1020 Iidem
1574 967 1643 1045 pra
1663 943 1783 1053 Benfl-

102 1065 105 1070 ·
185 1070 263 1142 epm
286 1040 498 1156 scripserunt
525 1036 748 1146 dereptam·
780 1037 886 1116 Cons.
915 1039 1009 1115 noa
1028 1039 1077 1114 ad
1100 1034 1146 1116 N.
1163 1037 1227 1115 XI.
1243 1063 1327 1114 ann.
1348 1055 1451 1137 1480.

170 1251 340 1384 Cillis.
375 1247 623 1376 Psalterium
647 1248 828 1338 latinum
845 1219 1113 1370 'ingolstadii
1138 1187 1398 1369 impreffum.
1425 1257 1487 1364 ,in
1511 1225 1609 1346 Fal
1635 1233 1753 1351 min.

160 1489 164 1499 ·
197 1417 255 1523 Ῑ
292 1451 294 1456 ’
335 1401 470 1546 incipit
495 1431 704 1544 psalterium
725 1441 892 1530 hochoe
914 1445 989 1522 ullo
1011 1437 1120 1524 titulo
1142 1428 1213 1524 aut
1228 1429 1471 1548 inscriptione.
1503 1421 1506 1424 Ι
1525 1449 1664 1528 Carent
1685 1437 1782 1528 Psalss

168 1554 219 1634 ml
242 1549 372 1646 singuli
390 1543 633 1629 numeris‚'·&
658 1543 796 1628 titulis,
825 1545 1134 1642 quemadmodum
1154 1548 1298 1641 paginae
1318 1547 1543 1634 custodibus,
1572 1549 1785 1647 hgnaturis,⁴

166 1649 351 1733 numeris,
376 1645 414 1733 ὅ(
438 1641 741 1738 inscriptionibus.
763 1653 764 1658 ’
795 1643 930 1719 Desunt
950 1667 1093 1740 quoque
1108 1645 1269 1721 initiales
1283 1645 1418 1722 litterae
1433 1672 1507 1722 nou
1526 1659 1672 1724 tantum
1684 1649 1781 1724 Psal-

168 1753 334 1832 morum,
361 1744 420 1819 sed
443 1741 481 1818 dt
505 1739 672 1818 versuum
695 1739 927 1838 singulorum.
979 1743 1133 1818 Litterae
1150 1741 1229 1818 sunt
1249 1743 1403 1820 missales
1422 1767 1586 1840 magnae,
1614 1745 1789 1842 marten<

170 1861 241 1934 tae,
266 1843 526 1939 &elegantes
555 1851 560 1936 '⁴
587 1837 738 1935 Paginae
769 1837 917 1936 singulae
950 1839 1066 1916 lineas
1098 1824 1340 1920 novendecim
1365 1842 1549 1939 impressas
1574 1844 1779 1920 continent.

168 1945 333 2034 Psalmus
363 1947 534 2039 quartus:
561 1961 633 2010 cam
654 1938 839 2018 invocarem
861 1937 931 2014 &a
955 1939 994 2012 in
1011 1935 1135 2013 aversa
1156 1938 1234 2014 solii
1262 1938 1405 2016 secundi
1416 1941 1572 2038 pagina,
1599 1940 1696 2018 lin'ea
1714 1965 1779 2034 10;

92 2072 95 2080 ’
167 2043 342 2120 Psalmus'
354 2039 536 2114 decimus:
563 2033 607 2108 In
630 2032 761 2115 domino
782 2034 912 2130 confido
934 2036 1005 2112 &a
1022 2036 1159 2112 'itidem
1181 2035 1222 2112 in
1245 2037 1372 2114 aversa
1396 2042 1528 2134 pagina
1561 2039 1642 2114 folii
1669 2039 1704 2114 se
1730 2041 1777 2116 ti·

167 2142 238 2228 mi,
261 2140 359 2215 linea
383 2161 403 2230 5
428 2134 657 2218 terminatur.
712 2132 861 2207 Psalmis
886 2135 1019 2229 partim
1046 2135 1354 2232 inserta,.partim
1378 2137 1417 2210 in
1441 2137 1513 2213 sme
1536 2134 1675 2234 adjecta
1698 2063 1780 2214 snt

167 2238 323 2324 cantica·
338 2233 429 2319 alia,
457 2251 613 2328 quorum
641 2227 833 2326 publicus,
870 2231 976 2327 isque
1004 2231 1232 2328 frequentior
1245 2232 1308 2308 eli
1330 2235 1369 2308 in
1391 2233 1511 2326 officio
1541 2232 1779 2312 ecclehaliico

167 2335 262 2413 usus.
295 2331 457 2410 Psalmus
472 2323 690 2403 centesimus
712 2327 1048 2425 quinquagehmus,
1064 2333 1170 2428 isque
1193 2330 1346 2406 ultimus
1369 2335 1588 2408 terminatur
1609 2334 1647 2408 in
1671 2356 1778 2408 aver·

51 2445 54 2452 “
139 2432 144 2444 “
167 2435 202 2511 sa
225 2433 305 2508 solil
328 2421 513 2520 centesimi
525 2422 690 2520 vigehmi
711 2425 801 2502 sexti
824 2428 978 2524 pagina,
1001 2427 1099 2503 linea
1122 2431 1243 2505 tertia.
1278 2426 1371 2504 Tum
1392 2430 1605 2510 immediate
1627 2429 1700 2507 stne
1720 2431 1775 2506 ul-

167 2538 205 2608 lo
228 2530 338 2606 titulo
363 2526 522 2622 sequitur
541 2523 688 2618 cantica
736 2547 795 2599 ex
821 2525 859 2600 Is.
882 2537 961 2622 cap.
983 2519 1065 2601 Xll.
1088 2526 1337 2622 desumptum,
1369 2529 1467 2624 quod
1496 2526 1646 2627 incipit:
1686 2527 1774 2604 Con·

158 2625 285 2732 fitebar
307 2623 369 2701 tihi
390 2623 454 2698 dire
480 2627 534 2718 qir'r
548 2621 649 2695 ’irat’
721 2619 822 2703 mihi:
848 2623 999 2720 aduersus
1020 2623 1153 2716 isarae
1172 2631 1230 2699 tu⁹
1255 2622 1297 2700 is
1311 2625 1497 2724 consolatus
1517 2651 1550 2700 es
1574 2651 1633 2703 me.
1688 2628 1773 2703 Hoc

166 2727 239 2804 alia
261 2724 451 2820 excipiunt
474 2719 636 2807 cantica,
676 2741 758 2815 quae
789 2717 891 2796 usum
916 2720 1061 2795 habent·
1074 2721 1360 2818 frequentiorem
1391 2723 1430 2800 in
1455 2726 1579 2800 choro.
1632 2725 1773 2801 Postre-

163 2847 267 2901 mum
290 2822 357 2897 ell:
397 2817 573 2920 TeDeam
596 2815 774 2922 laudamus
798 2817 867 2895 dcc.
900 2818 1000 2914 quod
1023 2819 1247 2898 terminatur
1272 2825 1311 2894 in
1339 2821 1457 2918 prima
1482 2823 1561 2898 folii
1585 2819 1772 2899 centesimi

122 2961 123 2964 κ
163 2920 339 3018 trigesimi
357 2917 457 2994 sexti
482 2915 632 3013 pagina,
657 2915 769 2990 'linea
794 2915 936 3007 decima
967 2937 1075 3001 nona.
1138 2917 1180 2993 ln
1206 2919 1335 2994 eadem
1361 2919 1458 2997 linea
1481 2923 1582 3018 typis
1615 2922 1769 3004 iisdem.

165 3023 297 3118 quibus
319 3021 389 3092 hoc
415 3019 526 3120 opus,
557 3013 723 3111 impressa
746 3012 917 3110 leguntur
937 3014 1067 3090 verba:
1093 3011 1255 3120 Impreffi
1275 3015 1449 3122 Ingalflat.
1498 3017 1636 3110 Aversa
1660 3017 1771 3118 hujus

149 3119 245 3196 'solii
267 3119 401 3216 pagina
424 3134 541 3189 vacua
559 3108 620 3187 est.
681 3199 688 3214 ⁹
990 3141 993 3148 ·
1342 3177 1346 3184 .
1602 3114 1605 3120 “

269 3367 271 3370 ,
322 3295 421 3382 Quia
442 3291 656 3369 Psalterium
681 3289 776 3384 istud
800 3289 931 3368 saeculo
957 3293 1037 3370 XV.
1075 3241 1282 3392 impressum
1318 3239 1448 3384 sueritt
1478 3296 1562 3383 vix,-
1585 3312 1697 3394 puto,
1731 3301 1771 3375 in

162 3393 314 3486 dubium
336 3388 462 3468 vocari
489 3391 637 3488 poterit.
679 3415 682 3420 ·
718 3389 899 3484 Equidem
930 3391 1051 3467 nullus
1081 3395 1229 3480 dubito,
1257 3398 1345 3492 quin
1374 3407 1466 3474 aute
1481 3419 1618 3470 annum
1642 3394 1769 3472 saltem

165 3508 257 3590 1480
283 3491 398 3588 praela
425 3489 570 3565 exierit.
637 3489 759 3564 Locus
785 3486 1042 3582 impressionis,
1073 3488 1259 3606 Ingalstat,
1295 3503 1421 3592 aperte
1444 3494 1483 3574 in
1511 3492 1775 3607 subscriptione·

161 3589 364 3665 indicatur:
390 3611 461 3676 ‘nec
493 3589 538 3662 de
554 3587 658 3674 ‘a'lia,
689 3609 799 3684 quam
825 3585 996 3662 Bavariae
1028 3588 1169 3665 nostrae*
1189 3593 1342 3668 ciuitate
1366 3590 1475 3689 hujus
1501 3591 1661 3666 nominis
1685 3595 1768 3689 quis

160 3689 294 3764 merito
320 3683 412 3764 istud
436 3685 654 3768 vocabulum
688 3685 924 3779 interpretari
959 3685 1106 3780 poterit.
1171 3687 1227 3762 De
1259 3691 1490 3786 typographo
1513 3713 1596 3764 non
1629 3691 1764 3774 habeo,

130 3801 131 3806 ‘
160 3806 244 3884 quae
272 3782 467 3882 proferam.
518 3781 805 3878 T-ypographum
829 3782 1025 3875 quemdam
1045 3781 1122 3880 jam
1141 3783 1292 3881 septimo
1313 3789 1370 3862 vel
1392 3787 1520 3874 oslava
1538 3787 1765 3864 Saeculins.

158 3882 345 3965 decennio·
359 3878 568 3975 ingolstadii
598 3879 710 3954 siriam
735 3877 893 3955 habuisse
922 3879 1061 3977 sedem,
1087 3881 1152 3958 vix
1172 3885 1402 3960 crediderim.
1471 3884 1625 3961 Videtur
1651 3885 1766 3980 igitur

156 3978 405 4084 transeuntis,
449 3977 488 4053 δι
516 3979 562 4050 ad
585 3988 732 4071 tempus
764 3977 860 4052 sorte
886 3979 982 4072 apud
1005 4001 1074 4052 nos
1099 3981 1619 4096 commorantistypographi
1634 4004 1766 4058 monu-

154 4093 322 4160 mentum
350 4073 512 4158 essehoc
540 4071 783 4164 Pl'alterium,
814 4076 859 4150 de
883 4097 958 4169 quo
983 4081 1132 4163 omnes,
1163 4082 1260 4174 qaod
1293 4078 1423 4165 sciam„
1448 4080 1701 4176 Brblipgraphi
1725 4081 1767 4154 si·

123 4171 130 4196 ‘
155 4177 243 4256 lent.
295 4177 335 4252 lu
358 4171 528 4248 fasciculo
551 4173 661 4260 tertio
677 4171 777 4246 aliud
802 4185 971 4246 occurret
993 4188 1273 4252 monumentum
1295 4192 1312 4251 t
1339 4175 1628 4274 pagraphicum.
1656 4181 1765 4254 nimi·

154 4299 236 4352 rum
265 4272 372 4354 Pauli
391 4269 573 4346 Lescherii
595 4269 794 4344 Rhetorica
818 4313 856 4334 ψ
889 4269 1103 4371 aitigaiffime
1119 4273 1263 4378 eipostta
1287 4201 1339 4351 &y
1349 4273 1492 4352 cerreda
1511 4315 1528 4333 ·
1556 4301 1580 4350 a
1607 4279 1765 4377 maistre

147 4375 255 4470 paula
281 4368 400 4466 lescsm
422 4367 463 4444 &
484 4367 557 4452 idea
592 4367 757 4440 rethorica
793 4365 940 4464 lethaii
977 4384 1181 4465 nuncupetur
1201 4370 1246 4460 In
1271 4373 1361 4446 aleno
1384 4374 1546 4474 gisinasto
1567 4304 1764 4475 ingoldestat

151 4469 267 4542 Anao.
298 4465 535 4558 (omissus-est
554 4465 800 4546 millenarius,
822 4465 861 4541 or
883 4465 1062 4556 centarii)
1085 4465 1241 4542 Laxxii.
1258 4493 1260 4499 ·
1280 4471 1325 4544 'Si
1346 4491 1491 4559 revera,
1514 4469 1557 4547 ut
1574 4471 1763 4567 ¹conjicere

144 4565 251 4651 licet,
280 4563 490 4660 ingolstadii
511 4560 721 4660 impressum
736 4560 867 4658 esthoc
889 4561 1096 4669 opusplum,
1125 4565 1174 4644 est
1198 4579 1301 4646 certe
1325 4571 1514 4673 eundum,
1542 4571 1762 4670 qu'aejhatte.
