3794 5028
139 269 233 357 rw
943 339 952 357 ,
1391 349 1399 364 ¹

137 455 204 524 aut
218 437 500 526 sau'slaeiebant
549 435 626 518 saa
639 432 736 519 uun
753 443 912 542 annun
936 443 983 524 ae
1006 429 1091 544 mo·
1106 422 1328 560 oppressa
1347 421 1394 524 a
1411 415 1585 545 prdem
1594 419 1672 546 jun
1689 423 1771 524 eal·
1895 467 1896 544 ;

136 546 250 628 dione
274 541 507 631 disserarnus,
532 561 643 638 quam
670 540 856 618 anemine
881 541 1056 622 hasienus
1081 558 1285 623 exertatam
1304 546 1469 624 memini.
1520 544 1761 636 Charaiieres
1895 551 1896 632 ξ

75 683 79 690 ·
138 645 255 720 iidem
278 640 360 721 suut
378 655 466 717 curn
487 637 755 716 characteribus
783 640 916 737 quibus
949 642 1159 742 impressum
1182 643 1233 720 esi
1261 667 1355 742 opus
1382 643 1596 721 immediate
1619 665 1761 742 praece·
1895 641 1896 722 l

140 743 244 817 dens.
297 741 419 829 Quare
441 761 511 836 ego
536 739 685 836 quidem
708 738 831 851 nullus
855 739 1003 828 dubito,
1030 741 1120 914 puin
1141 766 1188 818 ex
1211 742 1458 841 typographia
1477 741 1607 818 eadem
1629 742 1669 820 δι
1690 743 1764 816 cir·

139 841 235 916 citer
263 837 397 915 eodem
419 849 588 934 tempore
613 836 805 934 prodierit.
855 837 1033 935 Interpuu
1050 839 1162 916 lionis
1178 839 1319 936 srgnum
1335 840 1478 915 nullum
1492 840 1673 927 occurrit,
1698 835 1766 915 nisi

140 934 326 1036 punitum
401 933 540 1011 Desunt
563 934 686 1012 ubivis
720 934 857 1013 litterae
886 936 1073 1024 initiales,
1096 937 1282 1024 custodes,
1309 937 1769 1036 signaturae,.paginarum

139 1037 286 1111 numeri
311 1033 351 1113 dt
376 1032 644 1130 inscriptiones.
695 1033 834 1110 Charta
864 1055 1000 1132 magna
1026 1034 1094 1122 est,
1121 1035 1161 1114 δι
1183 1035 1391 1114 sirmisbrna.
1461 1035 1648 1112 Chartarii
1669 1031 1772 1130 signa

143 1133 226 1210 sunt
248 1131 363 1209 varia.
426 1132 602 1207 Omnium
621 1129 923 1228 frequentisbme,
950 1134 1069 1209 multo
1092 1134 1322 1232 frequentius
1350 1145 1462 1232 quarn
1487 1147 1612 1210 cetera
1637 1133 1765 1208 omnia
1895 1213 1896 1216 p

142 1230 246 1308 srrrrul
269 1229 430 1328 sumpta,
465 1229 628 1306 occurrit
650 1229 795 1306 Littera
817 1230 871 1318 D,
910 1253 1022 1329 quam
1043 1230 1144 1307 ssilus
1167 1232 1264 1308 secat
1288 1257 1335 1310 ex
1359 1253 1437 1308 una
1456 1245 1561 1329 parte
1586 1231 1626 1308 in
1650 1251 1771 1307 annu·
1895 1223 1896 1312 s

142 1329 241 1416 lum,
281 1353 330 1405 ex
353 1328 471 1404 altera
495 1327 535 1403 in
559 1350 708 1404 crucem
731 1324 909 1404 defluens.
987 1330 1134 1427 Saepius
1160 1334 1323 1408 occurrit
1344 1329 1458 1418 Rosa,
1495 1328 1555 1406 seu
1578 1328 1606 1405 si
1627 1329 1775 1416 mavis,
1895 1317 1896 1386 l

141 1427 211 1505 llos
236 1425 332 1504 alius
355 1425 427 1500 sme
448 1425 527 1500 slilo
549 1423 630 1501 osto
651 1424 866 1522 plerumque
887 1427 1073 1504 soliorum.
1125 1428 1212 1504 Non
1234 1428 1299 1504 nisr
1314 1444 1391 1517 ter,
1417 1441 1614 1527 quaterve,
1641 1435 1769 1514 uvam,

141 1547 211 1602 nec
239 1521 307 1601 nisu
328 1521 459 1610 semel,
486 1522 660 1618 strigilem
680 1521 880 1600 observavi.
931 1525 1084 1622 Paginae
1104 1524 1255 1624 singulae
1275 1527 1314 1602 in
1338 1527 1430 1601 duas
1456 1525 1648 1602 columnas
1675 1523 1775 1620 divi-2

141 1622 189 1700 sae
215 1621 307 1700 sunt.
359 1622 542 1708 Columna
562 1622 707 1718 quaevis
727 1621 873 1718 integra
893 1619 1010 1699 lineas
1033 1624 1219 1722 impressas
1235 1651 1293 1726 47.
1316 1623 1579 1721 complestitur.
1630 1621 1771 1697 Totum
1811 1633 1828 1642 “

142 1743 233 1798 vero
263 1719 437 1797 volumen
460 1720 560 1796 foliis
578 1717 755 1817 impressrs
775 1743 854 1816 151.
873 1721 1023 1798 constat.
1075 1724 1117 1802 ln
1140 1725 1259 1821 prima
1280 1723 1390 1821 primi
1410 1723 1491 1799 solii
1513 1721 1685 1796 columna
1708 1716 1775 1794 Ia·-

142 1820 225 1917 cipit
251 1817 365 1917 inflatia
381 1820 416 1894 ia
434 1819 657 1894 mammaea.
707 1818 802 1895 Haec
818 1841 906 1896 vero
922 1820 1100 1898 Praelatio
1117 1846 1193 1896 non
1208 1821 1259 1899 est
1271 1819 1379 1920 ipsrus
1398 1819 1578 1906 eustorio,
1602 1817 1662 1930 sed
1678 1813 1775 1990 (ἕης,

144 1917 210 2014 qui
234 1915 451 2014 praesentem
474 1919 620 1992 curavit
642 1916 864 2004 editionem,
889 1922 1078 2015 anonymi.
1130 1919 1172 1995 ln
1192 1919 1321 1996 'aversa
1343 1921 1478 2018 pagina
1500 1917 1580 1994 solii
1603 1937 1682 2014 ejus
1710 1937 1773 1992 em

144 2015 283 2112 legitur
306 2013 498 2108 registrum
519 2014 760 2089 materiarum
794 2037 840 2090 eo
873 2016 1003 2092 ordine
1037 2019 1316 2105 concinnatum,
1353 2041 1426 2113 quo
1450 2016 1536 2114 ipsae
1560 2025 1772 2090 occurrunt.

146 2111 385 2190 Terminatur
401 2109 593 2206 registrum
616 2111 656 2185 in
677 2111 798 2209 prima
819 2111 1003 2210 sequentis
1025 2115 1106 2191 solii
1129 2116 1319 2201 columna,
1351 2117 1449 2191 linea
1468 2140 1524 2214 24
1580 2109 1774 2199 Quodsu·
1895 2111 1896 2130 ¹

146 2206 408 2386 silisis·
422 2208 708 2404 lslslillll
729 2211 997 2388 {sisinii}
1024 2213 1098 2388 31}
1114 2214 1191 2387 lli
1204 2211 1774 2389 {llltllslslfflllsllt

18 2501 19 2506 ,
146 2405 334 2492 ordinem,
360 2361 424 2502 qil
445 2406 485 2480 in
506 2405 577 2480 hoc
604 2405 726 2483 indice
750 2403 971 2502 designatam.
998 2334 1022 2411 p
1051 2409 1149 2486 Nam
1170 2410 1366 2486 secundum
1387 2410 1486 2484 hunc
1510 2408 1671 2483 indicem
1695 2403 1775 2502 post
1895 2425 1896 2498 l

146 2503 415 2580 vocabulorum
436 2504 476 2580 in
497 2502 693 2592 Psalterio,
718 2509 817 2601 quod
833 2505 873 2579 in
893 2505 966 2582 hac
986 2509 1149 2584 editione
1170 2510 1343 2584 ultimum
1365 2508 1462 2584 inter
1476 2506 1591 2584 libros
1605 2501 1774 2580 Biblscos
1895 2531 1896 2592 l

146 2601 340 2699 utriusque
358 2599 565 2678 testamenti
586 2601 709 2677 locum
729 2626 820 2677 occu
846 2614 905 2690 at,
930 2604 992 2680 hie
1014 2605 1100 2683 esset
1123 2607 1214 2681 ordo
1232 2606 1481 2682 materiarum.
1546 2601 1603 2678 De
1622 2599 1775 2701 legendis
1895 2679 1896 2684 ,

139 2697 293 2800 saada4.
316 2695 357 2772 da
369 2697 579 2797 sermonibaa
599 2697 641 2776 δ’
660 2699 785 2776 omeliis
812 2625 999 2804 lsetipore,
1028 2701 1069 2778 de
1090 2703 1357 2803 respanfiariis&
1371 2705 1444 2778 anti
1465 2699 1571 2779 donis.
1597 2698 1773 2798 dopmnis.

146 2793 191 2872 da
218 2791 377 2896 mustias
400 2793 550 2897 debrao4
574 2794 616 2873 δ’
635 2795 715 2872 asiis
739 2793 936 2894 quibusdam
963 2797 1142 2880 natalibus.
1172 2799 1277 2904 (fio)
1311 2797 1353 2876 da
1373 2815 1428 2876 ort
1449 2797 1624 2900 ograpdia.
1649 2796 1690 2872 de
1713 2822 1773 2872 aa·
1895 2821 1896 2882 3

146 2890 305 2973 reatibus.
329 2890 517 2972 declaratio
538 2894 652 2994 regale
660 2893 771 2996 standi
779 2894 978 2998 Franscisci.
993 2897 1096 3003 (sic)
1121 2898 1279 2978 atvero
1296 2903 1551 2998 typographus
1575 2895 1774 2996 expositio-

147 2993 189 3076 ni
207 3015 350 3072 ¹vocum
370 2993 412 3072 in
441 2992 615 3072 Psalterio
637 2997 910 3075 occurrentium
938 2999 1153 3078 immediate
1181 2997 1376 3076 subnexuit
1398 3021 1534 3094 vocum
1552 2995 1773 3094 explicatio·
1895 3007 1896 3018 ¹

147 3115 236 3173 nem
264 3092 304 3169 in
330 3093 513 3190 Hymnis,
542 3091 737 3171 &ceteris
761 3093 1005 3191 sequentibus.
1070 3097 1322 3174 Declarationi
1349 3121 1484 3174 vocum
1503 3096 1543 3172 in
1565 3093 1709 3192 Regula
1730 3091 1773 3170 S.

147 3189 329 3269 Francisci
362 3191 511 3270 demum
547 3189 708 3284 subnexa
740 3191 792 3267 est
816 3216 951 3270 vocum
979 3195 1178 3294 explicatio
1200 3195 1240 3271 in
1268 3196 1435 3294 legendis
1470 3189 1774 3276 Sannorum&

150 3289 324 3384 homiliis¹
337 3288 502 3364 Parrum.
553 3289 610 3365 De
635 3286 712 3366 Res
730 3290 883 3367 onsoriis
902 3287 1186 3392 &Antiplronis
1210 3293 1303 3370 nihil
1325 3295 1364 3369 in
1381 3294 1452 3368 hac
1468 3293 1620 3390 quidem
1640 3289 1777 3366 editio·

94 3469 98 3474 ,
150 3412 197 3462 ue
224 3386 397 3463 occurrit.
448 3387 489 3462 In
511 3387 634 3502 prima
656 3312 829 3465 cosumna
848 3390 950 3468 tertii
974 3391 1054 3468 solii
1076 3393 1233 3470 austeris
1257 3392 1393 3490 legitur
1412 3392 1602 3488 praefatio,
1628 3408 1713 3486 quae
1727 3383 1773 3466 fi·

150 3509 199 3568 ne
217 3483 294 3560 ullo
313 3481 424 3561 titulo
448 3483 580 3583 incipit
604 3489 742 3584 mpairis
845 3489 870 3563 ‘a
890 3489 1054 3588 imperitia
1074 3517 1115 3566 ac
1135 3490 1282 3568 ruditati
1302 3492 1469 3589 capacitas
1489 3512 1673 3592 pauperum
1700 3483 1772 3578 ase·

152 3584 247 3697 ricop
267 3579 337 3659 &a
419 3581 578 3695 Videtur
601 3584 691 3698 haec·
713 3509 1023 3665 edibimomnium
1041 3590 1161 3704 prima
1183 3587 1270 3678 esse,
1306 3590 1367 3666 vel
1390 3587 1516 3666 saltem
1537 3581 1774 3702 illegamtsnae

153 3703 249 3856 llll
265 3683 1322 3895 ‘olalllss.lll¹lls,lld²ll⁰,llatllrsllsll
1343 3685 1778 3882 ,silldssdisssiis
1895 3845 1896 3848 ψ

154 3891 198 3953 ut
221 3877 305 3954 librr
325 3876 428 3954 istros
448 3900 524 3976 Jam
548 3889 635 3952 ante
653 3881 756 3976 typis
783 3878 903 3956 excuss
928 3881 1066 3958 nullam
1097 3883 1256 3960 habuisse
1279 3884 1452 3958 notitiam
1473 3881 1653 3958 videatur.
1716 3877 1778 3953 En

157 3975 165 3992 ⁶
196 3975 231 4054 sa
246 3973 326 4074 ejus
351 3975 481 4052 verba:
513 3974 579 4051 Cai
591 3975 680 4050 maso
696 3973 894 4078 (codicum
906 4003 1038 4076 nempe
1054 3981 1305 4078 discrepantiae
1326 3981 1514 4058 variorum
1532 3979 1589 4067 δι,
1614 3997 1698 4075 quae
1719 3975 1780 4049 in·

155 3999 402 4160 denascimr,
445 4073 668 4182 opinionum·
686 4073 912 4177 diverfitati)
944 4087 1082 4176 pucilam
1116 4075 1164 4153 ad
1186 4079 1332 4180 presens
1360 4076 1549 4178 opusculum
1568 4078 1625 4179 alst
1646 4098 1713 4150 aaa
1738 4073 1775 4147 ia
1895 4149 1896 4158 ,

1 4193 12 4205 “
157 4183 227 4250 rato
238 4171 361 4273 saltem
379 4173 416 4249 in
438 4183 532 4247 tanta
549 4170 654 4271 vistim
680 4171 832 4276 esipcffl
853 4171 1033 4252 remedium
1061 4177 1252 4354 mifflmi'
1277 4179 1391 4282 fiper
1419 4175 1631 4280 impreffloais
1653 4163 1776 4269 impi-

77 4336 81 4356 ,
157 4272 245 4349 cium
268 4275 358 4346 anari
380 4268 587 4366 quadrimoda
611 4296 694 4371 opus
711 4271 887 4350 redactur
912 4299 957 4350 aa·
978 4277 1081 4351 oderi
1142 4304 1170 4351 c.
1241 4279 1349 4366 Quod
1363 4276 1388 4352 sr
1401 4273 1477 4376 jam
1492 4287 1578 4350 ante
1593 4272 1694 4374 typis
1709 4293 1778 4345 ex·

159 4369 285 4448 cusum
305 4367 426 4447 fuisset
446 4369 540 4446 istud
563 4393 676 4470 opus,
701 4370 782 4469 ejus
803 4373 857 4449 rei
880 4374 1108 4451 mentionem
1130 4374 1251 4450 editor
1270 4375 1418 4453 secisset.
1495 4373 1573 4448 Nec
1600 4365 1780 4469 ignorasse

159 4470 274 4545 etiam
297 4465 496 4544 censendus
516 4467 567 4545 est
584 4469 805 4557 editionem,
830 4467 855 4547 sl
878 4478 948 4567 qua
972 4471 1129 4550 exstitit.
1157 4473 1401 4562 anteriorem,
1455 4469 1631 4549 raesertim
1654 4469 1679 4545 sl
1700 4465 1783 4562 plu·

159 4568 262 4680 ribus
288 4579 374 4646 ante
393 4569 501 4646 annis
523 4591 567 4644 ea
589 4567 774 4667 prodiisset
789 4569 829 4646 in
848 4567 981 4647 lucem.
1032 4573 1151 4660 Quam
1168 4569 1266 4647 iufra
1281 4569 1342 4672 (n.
1362 4495 1453 4673 opi
1475 4567 1665 4648 recensebo
1682 4563 1781 4663 ejus·

1643 4666 1729 4746 dem
